{"price": 109560.0, "quantity": 0.02628, "timestamp": "2025-05-27T14:49:34.015000", "is_buyer_maker": true}
{"price": 109559.99, "quantity": 0.00363, "timestamp": "2025-05-27T14:49:34.015000", "is_buyer_maker": true}
{"price": 109559.9, "quantity": 5e-05, "timestamp": "2025-05-27T14:49:34.015000", "is_buyer_maker": true}
{"price": 109559.8, "quantity": 5e-05, "timestamp": "2025-05-27T14:49:34.015000", "is_buyer_maker": true}
{"price": 109559.74, "quantity": 5e-05, "timestamp": "2025-05-27T14:49:34.015000", "is_buyer_maker": true}
{"price": 109559.73, "quantity": 5e-05, "timestamp": "2025-05-27T14:49:34.015000", "is_buyer_maker": true}
{"price": 109559.69, "quantity": 5e-05, "timestamp": "2025-05-27T14:49:34.015000", "is_buyer_maker": true}
{"price": 109559.43, "quantity": 5e-05, "timestamp": "2025-05-27T14:49:34.015000", "is_buyer_maker": true}
{"price": 109558.85, "quantity": 0.00045, "timestamp": "2025-05-27T14:49:34.015000", "is_buyer_maker": true}
{"price": 109558.73, "quantity": 0.00091, "timestamp": "2025-05-27T14:49:34.018000", "is_buyer_maker": true}
{"price": 109558.73, "quantity": 0.0001, "timestamp": "2025-05-27T14:49:34.018000", "is_buyer_maker": true}
{"price": 109558.72, "quantity": 0.0001, "timestamp": "2025-05-27T14:49:34.018000", "is_buyer_maker": true}
{"price": 109558.6, "quantity": 0.00137, "timestamp": "2025-05-27T14:49:34.018000", "is_buyer_maker": true}
{"price": 109557.91, "quantity": 6e-05, "timestamp": "2025-05-27T14:49:34.018000", "is_buyer_maker": true}
{"price": 109557.85, "quantity": 0.00024, "timestamp": "2025-05-27T14:49:34.018000", "is_buyer_maker": true}
{"price": 109557.84, "quantity": 0.01541, "timestamp": "2025-05-27T14:49:34.018000", "is_buyer_maker": true}
{"price": 109557.8, "quantity": 0.00044, "timestamp": "2025-05-27T14:49:34.018000", "is_buyer_maker": true}
{"price": 109556.16, "quantity": 6e-05, "timestamp": "2025-05-27T14:49:34.018000", "is_buyer_maker": true}
{"price": 109556.0, "quantity": 0.00181, "timestamp": "2025-05-27T14:49:34.018000", "is_buyer_maker": true}
{"price": 109556.0, "quantity": 0.00025, "timestamp": "2025-05-27T14:49:34.019000", "is_buyer_maker": true}
{"price": 109554.93, "quantity": 0.00776, "timestamp": "2025-05-27T14:49:34.063000", "is_buyer_maker": true}
{"price": 109554.92, "quantity": 5e-05, "timestamp": "2025-05-27T14:49:34.063000", "is_buyer_maker": true}
{"price": 109554.92, "quantity": 0.00839, "timestamp": "2025-05-27T14:49:34.075000", "is_buyer_maker": true}
{"price": 109554.92, "quantity": 0.00356, "timestamp": "2025-05-27T14:49:34.088000", "is_buyer_maker": true}
{"price": 109554.92, "quantity": 0.00114, "timestamp": "2025-05-27T14:49:34.099000", "is_buyer_maker": true}
{"price": 109554.92, "quantity": 0.00085, "timestamp": "2025-05-27T14:49:34.111000", "is_buyer_maker": true}
{"price": 109554.92, "quantity": 0.0008, "timestamp": "2025-05-27T14:49:34.123000", "is_buyer_maker": true}
{"price": 109554.92, "quantity": 0.00074, "timestamp": "2025-05-27T14:49:34.126000", "is_buyer_maker": true}
{"price": 109554.91, "quantity": 0.00055, "timestamp": "2025-05-27T14:49:34.126000", "is_buyer_maker": true}
{"price": 109554.29, "quantity": 0.00109, "timestamp": "2025-05-27T14:49:34.131000", "is_buyer_maker": true}
{"price": 109554.28, "quantity": 0.0005, "timestamp": "2025-05-27T14:49:34.131000", "is_buyer_maker": true}
{"price": 109553.97, "quantity": 0.0001, "timestamp": "2025-05-27T14:49:34.131000", "is_buyer_maker": true}
{"price": 109553.69, "quantity": 5e-05, "timestamp": "2025-05-27T14:49:34.131000", "is_buyer_maker": true}
{"price": 109553.61, "quantity": 5e-05, "timestamp": "2025-05-27T14:49:34.131000", "is_buyer_maker": true}
{"price": 109553.5, "quantity": 5e-05, "timestamp": "2025-05-27T14:49:34.131000", "is_buyer_maker": true}
{"price": 109552.88, "quantity": 0.0001, "timestamp": "2025-05-27T14:49:34.131000", "is_buyer_maker": true}
{"price": 109552.8, "quantity": 5e-05, "timestamp": "2025-05-27T14:49:34.131000", "is_buyer_maker": true}
{"price": 109552.0, "quantity": 0.00205, "timestamp": "2025-05-27T14:49:34.131000", "is_buyer_maker": true}
{"price": 109551.79, "quantity": 5e-05, "timestamp": "2025-05-27T14:49:34.131000", "is_buyer_maker": true}
{"price": 109551.51, "quantity": 6e-05, "timestamp": "2025-05-27T14:49:34.131000", "is_buyer_maker": true}
{"price": 109551.08, "quantity": 5e-05, "timestamp": "2025-05-27T14:49:34.131000", "is_buyer_maker": true}
{"price": 109550.84, "quantity": 0.0028, "timestamp": "2025-05-27T14:49:34.131000", "is_buyer_maker": true}
{"price": 109550.84, "quantity": 0.00267, "timestamp": "2025-05-27T14:49:34.131000", "is_buyer_maker": true}
{"price": 109550.68, "quantity": 6e-05, "timestamp": "2025-05-27T14:49:34.131000", "is_buyer_maker": true}
{"price": 109549.45, "quantity": 0.00427, "timestamp": "2025-05-27T14:49:34.131000", "is_buyer_maker": true}
{"price": 109549.45, "quantity": 0.00029, "timestamp": "2025-05-27T14:49:34.131000", "is_buyer_maker": true}
{"price": 109549.44, "quantity": 5e-05, "timestamp": "2025-05-27T14:49:34.131000", "is_buyer_maker": true}
{"price": 109548.78, "quantity": 0.00249, "timestamp": "2025-05-27T14:49:34.131000", "is_buyer_maker": true}
{"price": 109548.02, "quantity": 0.00029, "timestamp": "2025-05-27T14:49:34.131000", "is_buyer_maker": true}
{"price": 109548.0, "quantity": 0.002, "timestamp": "2025-05-27T14:49:34.131000", "is_buyer_maker": true}
{"price": 109547.47, "quantity": 6e-05, "timestamp": "2025-05-27T14:49:34.131000", "is_buyer_maker": true}
{"price": 109547.02, "quantity": 0.00182, "timestamp": "2025-05-27T14:49:34.131000", "is_buyer_maker": true}
{"price": 109547.02, "quantity": 0.00384, "timestamp": "2025-05-27T14:49:34.132000", "is_buyer_maker": true}
{"price": 109545.45, "quantity": 0.0001, "timestamp": "2025-05-27T14:49:34.132000", "is_buyer_maker": true}
{"price": 109545.2, "quantity": 6e-05, "timestamp": "2025-05-27T14:49:34.132000", "is_buyer_maker": true}
{"price": 109545.1, "quantity": 0.00171, "timestamp": "2025-05-27T14:49:34.132000", "is_buyer_maker": true}
{"price": 109545.1, "quantity": 0.007, "timestamp": "2025-05-27T14:49:34.133000", "is_buyer_maker": true}
{"price": 109545.1, "quantity": 0.007, "timestamp": "2025-05-27T14:49:34.133000", "is_buyer_maker": true}
{"price": 109547.02, "quantity": 0.00045, "timestamp": "2025-05-27T14:49:34.134000", "is_buyer_maker": true}
{"price": 109547.01, "quantity": 0.00045, "timestamp": "2025-05-27T14:49:34.134000", "is_buyer_maker": true}
{"price": 109545.26, "quantity": 6e-05, "timestamp": "2025-05-27T14:49:34.134000", "is_buyer_maker": true}
{"price": 109545.1, "quantity": 0.00604, "timestamp": "2025-05-27T14:49:34.134000", "is_buyer_maker": true}
{"price": 109545.1, "quantity": 0.007, "timestamp": "2025-05-27T14:49:34.135000", "is_buyer_maker": true}
{"price": 109545.1, "quantity": 0.007, "timestamp": "2025-05-27T14:49:34.135000", "is_buyer_maker": true}
{"price": 109545.1, "quantity": 0.007, "timestamp": "2025-05-27T14:49:34.135000", "is_buyer_maker": true}
{"price": 109545.1, "quantity": 0.007, "timestamp": "2025-05-27T14:49:34.135000", "is_buyer_maker": true}
{"price": 109545.1, "quantity": 0.007, "timestamp": "2025-05-27T14:49:34.135000", "is_buyer_maker": true}
{"price": 109545.1, "quantity": 0.007, "timestamp": "2025-05-27T14:49:34.135000", "is_buyer_maker": true}
{"price": 109545.1, "quantity": 0.007, "timestamp": "2025-05-27T14:49:34.135000", "is_buyer_maker": true}
{"price": 109545.1, "quantity": 0.00035, "timestamp": "2025-05-27T14:49:34.137000", "is_buyer_maker": true}
{"price": 109545.1, "quantity": 0.007, "timestamp": "2025-05-27T14:49:34.139000", "is_buyer_maker": true}
{"price": 109545.1, "quantity": 0.007, "timestamp": "2025-05-27T14:49:34.139000", "is_buyer_maker": true}
{"price": 109545.11, "quantity": 1.0, "timestamp": "2025-05-27T14:49:34.490000", "is_buyer_maker": false}
{"price": 109545.1, "quantity": 0.04, "timestamp": "2025-05-27T14:49:35.108000", "is_buyer_maker": true}
{"price": 109545.11, "quantity": 0.0522, "timestamp": "2025-05-27T14:49:35.113000", "is_buyer_maker": false}
{"price": 109545.1, "quantity": 0.00128, "timestamp": "2025-05-27T14:49:35.164000", "is_buyer_maker": true}
{"price": 109545.11, "quantity": 0.20928, "timestamp": "2025-05-27T14:49:35.391000", "is_buyer_maker": false}
{"price": 109545.11, "quantity": 0.1248, "timestamp": "2025-05-27T14:49:35.391000", "is_buyer_maker": false}
{"price": 109545.11, "quantity": 0.28756, "timestamp": "2025-05-27T14:49:35.391000", "is_buyer_maker": false}
{"price": 109545.11, "quantity": 0.05916, "timestamp": "2025-05-27T14:49:35.391000", "is_buyer_maker": false}
{"price": 109545.11, "quantity": 0.15698, "timestamp": "2025-05-27T14:49:35.391000", "is_buyer_maker": false}
{"price": 109545.11, "quantity": 0.01255, "timestamp": "2025-05-27T14:49:35.392000", "is_buyer_maker": false}
{"price": 109545.12, "quantity": 0.00055, "timestamp": "2025-05-27T14:49:35.392000", "is_buyer_maker": false}
{"price": 109545.17, "quantity": 5e-05, "timestamp": "2025-05-27T14:49:35.392000", "is_buyer_maker": false}
{"price": 109545.18, "quantity": 5e-05, "timestamp": "2025-05-27T14:49:35.392000", "is_buyer_maker": false}
{"price": 109545.19, "quantity": 5e-05, "timestamp": "2025-05-27T14:49:35.392000", "is_buyer_maker": false}
{"price": 109545.2, "quantity": 5e-05, "timestamp": "2025-05-27T14:49:35.392000", "is_buyer_maker": false}
{"price": 109545.21, "quantity": 5e-05, "timestamp": "2025-05-27T14:49:35.392000", "is_buyer_maker": false}
{"price": 109545.22, "quantity": 5e-05, "timestamp": "2025-05-27T14:49:35.392000", "is_buyer_maker": false}
{"price": 109545.45, "quantity": 0.00015, "timestamp": "2025-05-27T14:49:35.392000", "is_buyer_maker": false}
{"price": 109545.46, "quantity": 0.11862, "timestamp": "2025-05-27T14:49:35.392000", "is_buyer_maker": false}
{"price": 109546.0, "quantity": 0.00045, "timestamp": "2025-05-27T14:49:35.392000", "is_buyer_maker": false}
{"price": 109546.2, "quantity": 0.00091, "timestamp": "2025-05-27T14:49:35.392000", "is_buyer_maker": false}
{"price": 109546.36, "quantity": 0.00137, "timestamp": "2025-05-27T14:49:35.392000", "is_buyer_maker": false}
{"price": 109547.31, "quantity": 0.00044, "timestamp": "2025-05-27T14:49:35.392000", "is_buyer_maker": false}
{"price": 109548.0, "quantity": 0.00015, "timestamp": "2025-05-27T14:49:35.392000", "is_buyer_maker": false}
{"price": 109548.01, "quantity": 0.04145, "timestamp": "2025-05-27T14:49:35.392000", "is_buyer_maker": false}
{"price": 109548.01, "quantity": 5e-05, "timestamp": "2025-05-27T14:49:35.392000", "is_buyer_maker": false}
{"price": 109550.59, "quantity": 0.00456, "timestamp": "2025-05-27T14:49:35.393000", "is_buyer_maker": false}
{"price": 109554.3, "quantity": 0.01395, "timestamp": "2025-05-27T14:49:35.538000", "is_buyer_maker": false}
{"price": 109554.31, "quantity": 0.00055, "timestamp": "2025-05-27T14:49:35.538000", "is_buyer_maker": false}
{"price": 109554.93, "quantity": 5e-05, "timestamp": "2025-05-27T14:49:35.538000", "is_buyer_maker": false}
{"price": 109554.94, "quantity": 5e-05, "timestamp": "2025-05-27T14:49:35.538000", "is_buyer_maker": false}
{"price": 109555.05, "quantity": 5e-05, "timestamp": "2025-05-27T14:49:35.538000", "is_buyer_maker": false}
{"price": 109555.31, "quantity": 0.0005, "timestamp": "2025-05-27T14:49:35.538000", "is_buyer_maker": false}
{"price": 109555.45, "quantity": 0.00096, "timestamp": "2025-05-27T14:49:35.538000", "is_buyer_maker": false}
{"price": 109555.59, "quantity": 0.00142, "timestamp": "2025-05-27T14:49:35.538000", "is_buyer_maker": false}
{"price": 109556.0, "quantity": 6e-05, "timestamp": "2025-05-27T14:49:35.538000", "is_buyer_maker": false}
{"price": 109556.06, "quantity": 0.00212, "timestamp": "2025-05-27T14:49:35.538000", "is_buyer_maker": false}
{"price": 109556.15, "quantity": 5e-05, "timestamp": "2025-05-27T14:49:35.538000", "is_buyer_maker": false}
{"price": 109556.16, "quantity": 6e-05, "timestamp": "2025-05-27T14:49:35.538000", "is_buyer_maker": false}
{"price": 109556.38, "quantity": 0.00045, "timestamp": "2025-05-27T14:49:35.538000", "is_buyer_maker": false}
{"price": 109556.5, "quantity": 0.00044, "timestamp": "2025-05-27T14:49:35.538000", "is_buyer_maker": false}
{"price": 109557.24, "quantity": 5e-05, "timestamp": "2025-05-27T14:49:35.538000", "is_buyer_maker": false}
{"price": 109558.79, "quantity": 0.0001, "timestamp": "2025-05-27T14:49:35.538000", "is_buyer_maker": false}
{"price": 109559.35, "quantity": 0.00015, "timestamp": "2025-05-27T14:49:35.538000", "is_buyer_maker": false}
{"price": 109559.36, "quantity": 0.05034, "timestamp": "2025-05-27T14:49:35.538000", "is_buyer_maker": false}
{"price": 109559.78, "quantity": 0.00167, "timestamp": "2025-05-27T14:49:35.538000", "is_buyer_maker": false}
{"price": 109559.77, "quantity": 0.00539, "timestamp": "2025-05-27T14:49:35.652000", "is_buyer_maker": true}
{"price": 109559.77, "quantity": 0.05248, "timestamp": "2025-05-27T14:49:35.751000", "is_buyer_maker": true}
{"price": 109559.77, "quantity": 0.2, "timestamp": "2025-05-27T14:49:35.763000", "is_buyer_maker": true}
{"price": 109559.77, "quantity": 0.10666, "timestamp": "2025-05-27T14:49:35.783000", "is_buyer_maker": true}
{"price": 109559.77, "quantity": 0.0154, "timestamp": "2025-05-27T14:49:36.096000", "is_buyer_maker": true}
{"price": 109559.77, "quantity": 0.10666, "timestamp": "2025-05-27T14:49:36.249000", "is_buyer_maker": true}
{"price": 109559.78, "quantity": 0.00904, "timestamp": "2025-05-27T14:49:36.360000", "is_buyer_maker": false}
{"price": 109559.78, "quantity": 0.00018, "timestamp": "2025-05-27T14:49:36.850000", "is_buyer_maker": false}
{"price": 109559.78, "quantity": 0.00026, "timestamp": "2025-05-27T14:49:37.162000", "is_buyer_maker": false}
{"price": 109559.77, "quantity": 0.05189, "timestamp": "2025-05-27T14:49:37.252000", "is_buyer_maker": true}
{"price": 109559.78, "quantity": 0.00016, "timestamp": "2025-05-27T14:49:37.311000", "is_buyer_maker": false}
{"price": 109559.78, "quantity": 0.0008, "timestamp": "2025-05-27T14:49:37.931000", "is_buyer_maker": false}
{"price": 109559.77, "quantity": 0.0005, "timestamp": "2025-05-27T14:49:38.273000", "is_buyer_maker": true}
{"price": 109559.77, "quantity": 0.00905, "timestamp": "2025-05-27T14:49:38.356000", "is_buyer_maker": true}
{"price": 109559.78, "quantity": 0.00035, "timestamp": "2025-05-27T14:49:38.567000", "is_buyer_maker": false}
{"price": 109559.77, "quantity": 0.00017, "timestamp": "2025-05-27T14:49:39.084000", "is_buyer_maker": true}
{"price": 109559.77, "quantity": 0.05876, "timestamp": "2025-05-27T14:49:39.105000", "is_buyer_maker": true}
{"price": 109559.78, "quantity": 0.16393, "timestamp": "2025-05-27T14:49:39.148000", "is_buyer_maker": false}
{"price": 109559.78, "quantity": 0.0288, "timestamp": "2025-05-27T14:49:39.188000", "is_buyer_maker": false}
{"price": 109559.79, "quantity": 0.00236, "timestamp": "2025-05-27T14:49:39.188000", "is_buyer_maker": false}
{"price": 109560.0, "quantity": 0.00015, "timestamp": "2025-05-27T14:49:39.188000", "is_buyer_maker": false}
{"price": 109560.01, "quantity": 0.00353, "timestamp": "2025-05-27T14:49:39.188000", "is_buyer_maker": false}
{"price": 109560.02, "quantity": 0.00136, "timestamp": "2025-05-27T14:49:39.188000", "is_buyer_maker": false}
{"price": 109560.52, "quantity": 0.0001, "timestamp": "2025-05-27T14:49:39.188000", "is_buyer_maker": false}
{"price": 109560.53, "quantity": 5e-05, "timestamp": "2025-05-27T14:49:39.188000", "is_buyer_maker": false}
{"price": 109560.54, "quantity": 0.01734, "timestamp": "2025-05-27T14:49:39.197000", "is_buyer_maker": false}
{"price": 109560.55, "quantity": 0.0006, "timestamp": "2025-05-27T14:49:39.197000", "is_buyer_maker": false}
{"price": 109560.68, "quantity": 5e-05, "timestamp": "2025-05-27T14:49:39.197000", "is_buyer_maker": false}
{"price": 109560.9, "quantity": 5e-05, "timestamp": "2025-05-27T14:49:39.197000", "is_buyer_maker": false}
{"price": 109561.0, "quantity": 5e-05, "timestamp": "2025-05-27T14:49:39.197000", "is_buyer_maker": false}
{"price": 109561.15, "quantity": 5e-05, "timestamp": "2025-05-27T14:49:39.197000", "is_buyer_maker": false}
{"price": 109561.16, "quantity": 0.00065, "timestamp": "2025-05-27T14:49:39.197000", "is_buyer_maker": false}
{"price": 109561.61, "quantity": 0.0001, "timestamp": "2025-05-27T14:49:39.197000", "is_buyer_maker": false}
{"price": 109561.67, "quantity": 0.00045, "timestamp": "2025-05-27T14:49:39.197000", "is_buyer_maker": false}
{"price": 109561.77, "quantity": 0.00091, "timestamp": "2025-05-27T14:49:39.197000", "is_buyer_maker": false}
{"price": 109561.89, "quantity": 0.00137, "timestamp": "2025-05-27T14:49:39.197000", "is_buyer_maker": false}
{"price": 109561.98, "quantity": 0.00045, "timestamp": "2025-05-27T14:49:39.197000", "is_buyer_maker": false}
{"price": 109562.31, "quantity": 0.00015, "timestamp": "2025-05-27T14:49:39.197000", "is_buyer_maker": false}
{"price": 109562.32, "quantity": 0.01304, "timestamp": "2025-05-27T14:49:39.197000", "is_buyer_maker": false}
{"price": 109562.7, "quantity": 5e-05, "timestamp": "2025-05-27T14:49:39.197000", "is_buyer_maker": false}
{"price": 109563.62, "quantity": 0.00101, "timestamp": "2025-05-27T14:49:39.197000", "is_buyer_maker": false}
{"price": 109563.79, "quantity": 5e-05, "timestamp": "2025-05-27T14:49:39.197000", "is_buyer_maker": false}
{"price": 109564.0, "quantity": 0.002, "timestamp": "2025-05-27T14:49:39.197000", "is_buyer_maker": false}
{"price": 109564.16, "quantity": 0.00547, "timestamp": "2025-05-27T14:49:39.197000", "is_buyer_maker": false}
{"price": 109564.98, "quantity": 6e-05, "timestamp": "2025-05-27T14:49:39.197000", "is_buyer_maker": false}
{"price": 109565.26, "quantity": 0.00456, "timestamp": "2025-05-27T14:49:39.197000", "is_buyer_maker": false}
{"price": 109565.8, "quantity": 0.00547, "timestamp": "2025-05-27T14:49:39.197000", "is_buyer_maker": false}
{"price": 109565.9, "quantity": 0.00249, "timestamp": "2025-05-27T14:49:39.197000", "is_buyer_maker": false}
{"price": 109565.98, "quantity": 5e-05, "timestamp": "2025-05-27T14:49:39.197000", "is_buyer_maker": false}
{"price": 109567.12, "quantity": 0.00036, "timestamp": "2025-05-27T14:49:39.901000", "is_buyer_maker": false}
{"price": 109567.11, "quantity": 0.04, "timestamp": "2025-05-27T14:49:40.108000", "is_buyer_maker": true}
{"price": 109567.12, "quantity": 0.00027, "timestamp": "2025-05-27T14:49:40.315000", "is_buyer_maker": false}
{"price": 109567.11, "quantity": 0.00017, "timestamp": "2025-05-27T14:49:40.523000", "is_buyer_maker": true}
{"price": 109567.12, "quantity": 0.00035, "timestamp": "2025-05-27T14:49:40.595000", "is_buyer_maker": false}
{"price": 109567.12, "quantity": 0.0908, "timestamp": "2025-05-27T14:49:40.775000", "is_buyer_maker": false}
{"price": 109567.12, "quantity": 0.10665, "timestamp": "2025-05-27T14:49:40.775000", "is_buyer_maker": false}
{"price": 109567.13, "quantity": 0.01875, "timestamp": "2025-05-27T14:49:40.775000", "is_buyer_maker": false}
{"price": 109567.31, "quantity": 0.00011, "timestamp": "2025-05-27T14:49:40.775000", "is_buyer_maker": false}
{"price": 109567.99, "quantity": 5e-05, "timestamp": "2025-05-27T14:49:40.775000", "is_buyer_maker": false}
{"price": 109568.0, "quantity": 0.00205, "timestamp": "2025-05-27T14:49:40.775000", "is_buyer_maker": false}
{"price": 109568.16, "quantity": 5e-05, "timestamp": "2025-05-27T14:49:40.775000", "is_buyer_maker": false}
{"price": 109568.31, "quantity": 5e-05, "timestamp": "2025-05-27T14:49:40.775000", "is_buyer_maker": false}
{"price": 109568.37, "quantity": 5e-05, "timestamp": "2025-05-27T14:49:40.775000", "is_buyer_maker": false}
{"price": 109568.42, "quantity": 0.00091, "timestamp": "2025-05-27T14:49:40.775000", "is_buyer_maker": false}
{"price": 109568.52, "quantity": 0.00112, "timestamp": "2025-05-27T14:49:40.775000", "is_buyer_maker": false}
{"price": 109568.52, "quantity": 0.00025, "timestamp": "2025-05-27T14:49:40.775000", "is_buyer_maker": false}
{"price": 109568.56, "quantity": 0.0077, "timestamp": "2025-05-27T14:49:40.780000", "is_buyer_maker": true}
{"price": 109568.57, "quantity": 0.00137, "timestamp": "2025-05-27T14:49:40.784000", "is_buyer_maker": false}
{"price": 109568.56, "quantity": 0.00038, "timestamp": "2025-05-27T14:49:40.921000", "is_buyer_maker": true}
{"price": 109568.57, "quantity": 0.00847, "timestamp": "2025-05-27T14:49:41.015000", "is_buyer_maker": false}
{"price": 109568.58, "quantity": 0.0006, "timestamp": "2025-05-27T14:49:41.015000", "is_buyer_maker": false}
{"price": 109569.26, "quantity": 0.0001, "timestamp": "2025-05-27T14:49:41.015000", "is_buyer_maker": false}
{"price": 109569.32, "quantity": 5e-05, "timestamp": "2025-05-27T14:49:41.015000", "is_buyer_maker": false}
{"price": 109569.47, "quantity": 0.00011, "timestamp": "2025-05-27T14:49:41.015000", "is_buyer_maker": false}
{"price": 109569.96, "quantity": 5e-05, "timestamp": "2025-05-27T14:49:41.015000", "is_buyer_maker": false}
{"price": 109569.97, "quantity": 5e-05, "timestamp": "2025-05-27T14:49:41.015000", "is_buyer_maker": false}
{"price": 109570.06, "quantity": 0.00142, "timestamp": "2025-05-27T14:49:41.015000", "is_buyer_maker": false}
{"price": 109570.14, "quantity": 0.00137, "timestamp": "2025-05-27T14:49:41.015000", "is_buyer_maker": false}
{"price": 109570.35, "quantity": 5e-05, "timestamp": "2025-05-27T14:49:41.015000", "is_buyer_maker": false}
{"price": 109572.0, "quantity": 0.002, "timestamp": "2025-05-27T14:49:41.015000", "is_buyer_maker": false}
{"price": 109572.53, "quantity": 5e-05, "timestamp": "2025-05-27T14:49:41.015000", "is_buyer_maker": false}
{"price": 109572.6, "quantity": 6e-05, "timestamp": "2025-05-27T14:49:41.015000", "is_buyer_maker": false}
{"price": 109573.69, "quantity": 0.0001, "timestamp": "2025-05-27T14:49:41.015000", "is_buyer_maker": false}
{"price": 109573.96, "quantity": 6e-05, "timestamp": "2025-05-27T14:49:41.015000", "is_buyer_maker": false}
{"price": 109574.05, "quantity": 0.00456, "timestamp": "2025-05-27T14:49:41.015000", "is_buyer_maker": false}
{"price": 109575.7, "quantity": 0.00547, "timestamp": "2025-05-27T14:49:41.015000", "is_buyer_maker": false}
{"price": 109576.0, "quantity": 0.002, "timestamp": "2025-05-27T14:49:41.015000", "is_buyer_maker": false}
{"price": 109576.21, "quantity": 0.00249, "timestamp": "2025-05-27T14:49:41.015000", "is_buyer_maker": false}
{"price": 109576.45, "quantity": 5e-05, "timestamp": "2025-05-27T14:49:41.015000", "is_buyer_maker": false}
{"price": 109577.75, "quantity": 6e-05, "timestamp": "2025-05-27T14:49:41.015000", "is_buyer_maker": false}
{"price": 109578.08, "quantity": 6e-05, "timestamp": "2025-05-27T14:49:41.015000", "is_buyer_maker": false}
{"price": 109578.26, "quantity": 0.00219, "timestamp": "2025-05-27T14:49:41.015000", "is_buyer_maker": false}
{"price": 109578.45, "quantity": 6e-05, "timestamp": "2025-05-27T14:49:41.015000", "is_buyer_maker": false}
{"price": 109578.9, "quantity": 0.0001, "timestamp": "2025-05-27T14:49:41.015000", "is_buyer_maker": false}
{"price": 109579.53, "quantity": 0.00456, "timestamp": "2025-05-27T14:49:41.015000", "is_buyer_maker": false}
{"price": 109579.75, "quantity": 0.00547, "timestamp": "2025-05-27T14:49:41.015000", "is_buyer_maker": false}
{"price": 109579.99, "quantity": 0.00031, "timestamp": "2025-05-27T14:49:41.015000", "is_buyer_maker": false}
{"price": 109580.0, "quantity": 0.02035, "timestamp": "2025-05-27T14:49:41.015000", "is_buyer_maker": false}
{"price": 109580.12, "quantity": 0.00022, "timestamp": "2025-05-27T14:49:41.015000", "is_buyer_maker": false}
{"price": 109580.4, "quantity": 5e-05, "timestamp": "2025-05-27T14:49:41.015000", "is_buyer_maker": false}
{"price": 109580.53, "quantity": 0.00091, "timestamp": "2025-05-27T14:49:41.015000", "is_buyer_maker": false}
{"price": 109581.66, "quantity": 0.003, "timestamp": "2025-05-27T14:49:41.015000", "is_buyer_maker": false}
{"price": 109581.69, "quantity": 0.00045, "timestamp": "2025-05-27T14:49:41.015000", "is_buyer_maker": false}
{"price": 109581.92, "quantity": 0.0001, "timestamp": "2025-05-27T14:49:41.015000", "is_buyer_maker": false}
{"price": 109582.44, "quantity": 0.00015, "timestamp": "2025-05-27T14:49:41.015000", "is_buyer_maker": false}
{"price": 109582.45, "quantity": 0.00913, "timestamp": "2025-05-27T14:49:41.213000", "is_buyer_maker": false}
{"price": 109582.45, "quantity": 6e-05, "timestamp": "2025-05-27T14:49:42.264000", "is_buyer_maker": false}
{"price": 109582.44, "quantity": 0.00015, "timestamp": "2025-05-27T14:49:42.662000", "is_buyer_maker": true}
{"price": 109582.44, "quantity": 0.00032, "timestamp": "2025-05-27T14:49:43.057000", "is_buyer_maker": true}
{"price": 109582.44, "quantity": 0.00039, "timestamp": "2025-05-27T14:49:43.670000", "is_buyer_maker": true}
{"price": 109582.45, "quantity": 0.01184, "timestamp": "2025-05-27T14:49:44.080000", "is_buyer_maker": false}
{"price": 109582.45, "quantity": 0.00038, "timestamp": "2025-05-27T14:49:44.147000", "is_buyer_maker": false}
{"price": 109582.44, "quantity": 0.00011, "timestamp": "2025-05-27T14:49:44.162000", "is_buyer_maker": true}
{"price": 109582.45, "quantity": 0.00045, "timestamp": "2025-05-27T14:49:44.180000", "is_buyer_maker": false}
{"price": 109582.44, "quantity": 0.00261, "timestamp": "2025-05-27T14:49:44.251000", "is_buyer_maker": true}
{"price": 109582.45, "quantity": 0.00099, "timestamp": "2025-05-27T14:49:44.309000", "is_buyer_maker": false}
{"price": 109582.45, "quantity": 0.009, "timestamp": "2025-05-27T14:49:44.486000", "is_buyer_maker": false}
{"price": 109582.45, "quantity": 0.13052, "timestamp": "2025-05-27T14:49:44.739000", "is_buyer_maker": false}
{"price": 109582.46, "quantity": 0.00248, "timestamp": "2025-05-27T14:49:44.739000", "is_buyer_maker": false}
{"price": 109582.54, "quantity": 0.00477, "timestamp": "2025-05-27T14:49:44.739000", "is_buyer_maker": false}
{"price": 109582.6, "quantity": 0.0002, "timestamp": "2025-05-27T14:49:44.739000", "is_buyer_maker": false}
{"price": 109582.61, "quantity": 0.01399, "timestamp": "2025-05-27T14:49:44.739000", "is_buyer_maker": false}
{"price": 109582.94, "quantity": 0.00011, "timestamp": "2025-05-27T14:49:44.739000", "is_buyer_maker": false}
{"price": 109583.04, "quantity": 5e-05, "timestamp": "2025-05-27T14:49:44.739000", "is_buyer_maker": false}
{"price": 109583.05, "quantity": 5e-05, "timestamp": "2025-05-27T14:49:44.739000", "is_buyer_maker": false}
{"price": 109583.46, "quantity": 5e-05, "timestamp": "2025-05-27T14:49:44.739000", "is_buyer_maker": false}
{"price": 109583.56, "quantity": 6e-05, "timestamp": "2025-05-27T14:49:44.739000", "is_buyer_maker": false}
{"price": 109584.0, "quantity": 0.00034, "timestamp": "2025-05-27T14:49:44.739000", "is_buyer_maker": false}
{"price": 109584.0, "quantity": 0.00166, "timestamp": "2025-05-27T14:49:44.739000", "is_buyer_maker": false}
{"price": 109584.06, "quantity": 6e-05, "timestamp": "2025-05-27T14:49:44.739000", "is_buyer_maker": false}
{"price": 109584.15, "quantity": 0.00136, "timestamp": "2025-05-27T14:49:44.739000", "is_buyer_maker": false}
{"price": 109584.21, "quantity": 0.00137, "timestamp": "2025-05-27T14:49:44.739000", "is_buyer_maker": false}
{"price": 109584.34, "quantity": 5e-05, "timestamp": "2025-05-27T14:49:44.739000", "is_buyer_maker": false}
{"price": 109584.54, "quantity": 6e-05, "timestamp": "2025-05-27T14:49:44.739000", "is_buyer_maker": false}
{"price": 109584.65, "quantity": 0.00044, "timestamp": "2025-05-27T14:49:44.739000", "is_buyer_maker": false}
{"price": 109585.01, "quantity": 0.0025, "timestamp": "2025-05-27T14:49:44.739000", "is_buyer_maker": false}
{"price": 109585.41, "quantity": 0.00365, "timestamp": "2025-05-27T14:49:44.739000", "is_buyer_maker": false}
{"price": 109586.65, "quantity": 0.00259, "timestamp": "2025-05-27T14:49:44.739000", "is_buyer_maker": false}
{"price": 109587.43, "quantity": 6e-05, "timestamp": "2025-05-27T14:49:44.739000", "is_buyer_maker": false}
{"price": 109587.93, "quantity": 0.00456, "timestamp": "2025-05-27T14:49:44.739000", "is_buyer_maker": false}
{"price": 109588.0, "quantity": 0.002, "timestamp": "2025-05-27T14:49:44.739000", "is_buyer_maker": false}
{"price": 109588.29, "quantity": 5e-05, "timestamp": "2025-05-27T14:49:44.739000", "is_buyer_maker": false}
{"price": 109589.04, "quantity": 0.00016, "timestamp": "2025-05-27T14:49:44.740000", "is_buyer_maker": false}
{"price": 109591.02, "quantity": 0.00547, "timestamp": "2025-05-27T14:49:44.740000", "is_buyer_maker": false}
{"price": 109591.55, "quantity": 0.00031, "timestamp": "2025-05-27T14:49:44.740000", "is_buyer_maker": false}
{"price": 109591.56, "quantity": 0.06924, "timestamp": "2025-05-27T14:49:44.740000", "is_buyer_maker": false}
{"price": 109591.56, "quantity": 0.09413, "timestamp": "2025-05-27T14:49:44.740000", "is_buyer_maker": false}
{"price": 109591.56, "quantity": 5e-05, "timestamp": "2025-05-27T14:49:44.741000", "is_buyer_maker": false}
{"price": 109591.77, "quantity": 6e-05, "timestamp": "2025-05-27T14:49:44.741000", "is_buyer_maker": false}
{"price": 109591.92, "quantity": 6e-05, "timestamp": "2025-05-27T14:49:44.741000", "is_buyer_maker": false}
{"price": 109592.0, "quantity": 0.002, "timestamp": "2025-05-27T14:49:44.741000", "is_buyer_maker": false}
{"price": 109592.23, "quantity": 5e-05, "timestamp": "2025-05-27T14:49:44.741000", "is_buyer_maker": false}
{"price": 109592.57, "quantity": 0.01405, "timestamp": "2025-05-27T14:49:44.741000", "is_buyer_maker": false}
{"price": 109592.79, "quantity": 0.00014, "timestamp": "2025-05-27T14:49:44.741000", "is_buyer_maker": false}
{"price": 109592.8, "quantity": 5e-05, "timestamp": "2025-05-27T14:49:44.741000", "is_buyer_maker": false}
{"price": 109593.41, "quantity": 0.00706, "timestamp": "2025-05-27T14:49:44.742000", "is_buyer_maker": false}
{"price": 109593.84, "quantity": 0.0001, "timestamp": "2025-05-27T14:49:44.742000", "is_buyer_maker": false}
{"price": 109594.22, "quantity": 6e-05, "timestamp": "2025-05-27T14:49:44.742000", "is_buyer_maker": false}
{"price": 109594.52, "quantity": 6e-05, "timestamp": "2025-05-27T14:49:44.742000", "is_buyer_maker": false}
{"price": 109594.83, "quantity": 5e-05, "timestamp": "2025-05-27T14:49:44.742000", "is_buyer_maker": false}
{"price": 109596.0, "quantity": 6e-05, "timestamp": "2025-05-27T14:49:44.749000", "is_buyer_maker": false}
{"price": 109596.0, "quantity": 0.00314, "timestamp": "2025-05-27T14:49:44.770000", "is_buyer_maker": false}
{"price": 109596.01, "quantity": 0.0006, "timestamp": "2025-05-27T14:49:44.770000", "is_buyer_maker": false}
{"price": 109596.15, "quantity": 0.00025, "timestamp": "2025-05-27T14:49:44.770000", "is_buyer_maker": false}
{"price": 109596.16, "quantity": 5e-05, "timestamp": "2025-05-27T14:49:44.770000", "is_buyer_maker": false}
{"price": 109596.41, "quantity": 0.00011, "timestamp": "2025-05-27T14:49:44.770000", "is_buyer_maker": false}
{"price": 109596.48, "quantity": 0.00099, "timestamp": "2025-05-27T14:49:44.770000", "is_buyer_maker": false}
{"price": 109597.37, "quantity": 0.00025, "timestamp": "2025-05-27T14:49:44.770000", "is_buyer_maker": false}
{"price": 109597.66, "quantity": 0.0001, "timestamp": "2025-05-27T14:49:44.770000", "is_buyer_maker": false}
{"price": 109597.77, "quantity": 0.00136, "timestamp": "2025-05-27T14:49:44.770000", "is_buyer_maker": false}
{"price": 109597.79, "quantity": 0.0002, "timestamp": "2025-05-27T14:49:44.770000", "is_buyer_maker": false}
{"price": 109598.29, "quantity": 0.00015, "timestamp": "2025-05-27T14:49:44.791000", "is_buyer_maker": true}
{"price": 109598.29, "quantity": 0.04, "timestamp": "2025-05-27T14:49:45.116000", "is_buyer_maker": true}
{"price": 109598.3, "quantity": 0.00044, "timestamp": "2025-05-27T14:49:45.190000", "is_buyer_maker": false}
{"price": 109598.29, "quantity": 0.0004, "timestamp": "2025-05-27T14:49:45.299000", "is_buyer_maker": true}
{"price": 109598.3, "quantity": 5e-05, "timestamp": "2025-05-27T14:49:45.319000", "is_buyer_maker": false}
{"price": 109598.29, "quantity": 0.0009, "timestamp": "2025-05-27T14:49:45.475000", "is_buyer_maker": true}
{"price": 109598.3, "quantity": 0.00188, "timestamp": "2025-05-27T14:49:45.511000", "is_buyer_maker": false}
{"price": 109598.3, "quantity": 0.00456, "timestamp": "2025-05-27T14:49:45.588000", "is_buyer_maker": false}
{"price": 109598.29, "quantity": 0.02407, "timestamp": "2025-05-27T14:49:45.816000", "is_buyer_maker": true}
{"price": 109598.29, "quantity": 0.05267, "timestamp": "2025-05-27T14:49:46.024000", "is_buyer_maker": true}
{"price": 109598.28, "quantity": 0.01256, "timestamp": "2025-05-27T14:49:46.024000", "is_buyer_maker": true}
{"price": 109598.09, "quantity": 5e-05, "timestamp": "2025-05-27T14:49:46.024000", "is_buyer_maker": true}
{"price": 109598.08, "quantity": 5e-05, "timestamp": "2025-05-27T14:49:46.024000", "is_buyer_maker": true}
{"price": 109598.02, "quantity": 5e-05, "timestamp": "2025-05-27T14:49:46.024000", "is_buyer_maker": true}
{"price": 109598.0, "quantity": 5e-05, "timestamp": "2025-05-27T14:49:46.024000", "is_buyer_maker": true}
{"price": 109597.99, "quantity": 5e-05, "timestamp": "2025-05-27T14:49:46.024000", "is_buyer_maker": true}
{"price": 109597.98, "quantity": 5e-05, "timestamp": "2025-05-27T14:49:46.024000", "is_buyer_maker": true}
{"price": 109597.84, "quantity": 0.00045, "timestamp": "2025-05-27T14:49:46.024000", "is_buyer_maker": true}
{"price": 109597.48, "quantity": 0.00091, "timestamp": "2025-05-27T14:49:46.024000", "is_buyer_maker": true}
{"price": 109597.26, "quantity": 0.00137, "timestamp": "2025-05-27T14:49:46.024000", "is_buyer_maker": true}
{"price": 109596.56, "quantity": 6e-05, "timestamp": "2025-05-27T14:49:46.024000", "is_buyer_maker": true}
{"price": 109596.09, "quantity": 0.0004, "timestamp": "2025-05-27T14:49:46.024000", "is_buyer_maker": true}
{"price": 109596.09, "quantity": 5e-05, "timestamp": "2025-05-27T14:49:46.024000", "is_buyer_maker": true}
{"price": 109595.48, "quantity": 0.0013, "timestamp": "2025-05-27T14:49:46.033000", "is_buyer_maker": true}
{"price": 109595.47, "quantity": 0.001, "timestamp": "2025-05-27T14:49:46.033000", "is_buyer_maker": true}
{"price": 109594.57, "quantity": 0.0001, "timestamp": "2025-05-27T14:49:46.033000", "is_buyer_maker": true}
{"price": 109594.56, "quantity": 0.0096, "timestamp": "2025-05-27T14:49:46.033000", "is_buyer_maker": true}
{"price": 109595.48, "quantity": 0.0002, "timestamp": "2025-05-27T14:49:46.033000", "is_buyer_maker": true}
{"price": 109595.47, "quantity": 5e-05, "timestamp": "2025-05-27T14:49:46.033000", "is_buyer_maker": true}
{"price": 109594.56, "quantity": 0.00076, "timestamp": "2025-05-27T14:49:46.033000", "is_buyer_maker": true}
{"price": 109594.55, "quantity": 5e-05, "timestamp": "2025-05-27T14:49:46.033000", "is_buyer_maker": true}
{"price": 109594.39, "quantity": 0.0001, "timestamp": "2025-05-27T14:49:46.033000", "is_buyer_maker": true}
{"price": 109592.81, "quantity": 5e-05, "timestamp": "2025-05-27T14:49:46.033000", "is_buyer_maker": true}
{"price": 109592.13, "quantity": 0.00038, "timestamp": "2025-05-27T14:49:46.033000", "is_buyer_maker": true}
{"price": 109592.12, "quantity": 0.00035, "timestamp": "2025-05-27T14:49:46.033000", "is_buyer_maker": true}
{"price": 109591.71, "quantity": 0.00049, "timestamp": "2025-05-27T14:49:46.033000", "is_buyer_maker": true}
{"price": 109590.43, "quantity": 0.00801, "timestamp": "2025-05-27T14:49:46.033000", "is_buyer_maker": true}
{"price": 109590.02, "quantity": 5e-05, "timestamp": "2025-05-27T14:49:46.033000", "is_buyer_maker": true}
{"price": 109589.9, "quantity": 0.0001, "timestamp": "2025-05-27T14:49:46.033000", "is_buyer_maker": true}
{"price": 109589.34, "quantity": 0.00141, "timestamp": "2025-05-27T14:49:46.033000", "is_buyer_maker": true}
{"price": 109589.34, "quantity": 0.00407, "timestamp": "2025-05-27T14:49:46.033000", "is_buyer_maker": true}
{"price": 109587.66, "quantity": 5e-05, "timestamp": "2025-05-27T14:49:46.033000", "is_buyer_maker": true}
{"price": 109587.43, "quantity": 6e-05, "timestamp": "2025-05-27T14:49:46.033000", "is_buyer_maker": true}
{"price": 109585.04, "quantity": 0.0001, "timestamp": "2025-05-27T14:49:46.033000", "is_buyer_maker": true}
{"price": 109585.03, "quantity": 0.00249, "timestamp": "2025-05-27T14:49:46.033000", "is_buyer_maker": true}
{"price": 109584.82, "quantity": 0.0009, "timestamp": "2025-05-27T14:49:46.033000", "is_buyer_maker": true}
{"price": 109584.65, "quantity": 0.0009, "timestamp": "2025-05-27T14:49:46.033000", "is_buyer_maker": true}
{"price": 109583.56, "quantity": 6e-05, "timestamp": "2025-05-27T14:49:46.033000", "is_buyer_maker": true}
{"price": 109583.51, "quantity": 0.00092, "timestamp": "2025-05-27T14:49:46.033000", "is_buyer_maker": true}
{"price": 109582.94, "quantity": 6e-05, "timestamp": "2025-05-27T14:49:46.033000", "is_buyer_maker": true}
{"price": 109582.92, "quantity": 0.00096, "timestamp": "2025-05-27T14:49:46.033000", "is_buyer_maker": true}
{"price": 109582.61, "quantity": 0.00143, "timestamp": "2025-05-27T14:49:46.033000", "is_buyer_maker": true}
{"price": 109582.61, "quantity": 0.012, "timestamp": "2025-05-27T14:49:46.034000", "is_buyer_maker": true}
{"price": 109582.61, "quantity": 0.012, "timestamp": "2025-05-27T14:49:46.034000", "is_buyer_maker": true}
{"price": 109582.61, "quantity": 0.012, "timestamp": "2025-05-27T14:49:46.035000", "is_buyer_maker": true}
{"price": 109582.61, "quantity": 5e-05, "timestamp": "2025-05-27T14:49:46.035000", "is_buyer_maker": true}
{"price": 109582.57, "quantity": 0.00412, "timestamp": "2025-05-27T14:49:46.035000", "is_buyer_maker": true}
{"price": 109582.47, "quantity": 7e-05, "timestamp": "2025-05-27T14:49:46.035000", "is_buyer_maker": true}
{"price": 109582.44, "quantity": 0.00299, "timestamp": "2025-05-27T14:49:46.035000", "is_buyer_maker": true}
{"price": 109582.31, "quantity": 0.0001, "timestamp": "2025-05-27T14:49:46.035000", "is_buyer_maker": true}
{"price": 109582.2, "quantity": 5e-05, "timestamp": "2025-05-27T14:49:46.035000", "is_buyer_maker": true}
{"price": 109581.85, "quantity": 0.00062, "timestamp": "2025-05-27T14:49:46.035000", "is_buyer_maker": true}
{"price": 109581.85, "quantity": 0.00238, "timestamp": "2025-05-27T14:49:46.035000", "is_buyer_maker": true}
{"price": 109580.0, "quantity": 0.00962, "timestamp": "2025-05-27T14:49:46.035000", "is_buyer_maker": true}
{"price": 109580.0, "quantity": 0.012, "timestamp": "2025-05-27T14:49:46.036000", "is_buyer_maker": true}
{"price": 109580.0, "quantity": 0.012, "timestamp": "2025-05-27T14:49:46.036000", "is_buyer_maker": true}
{"price": 109580.0, "quantity": 0.00498, "timestamp": "2025-05-27T14:49:46.036000", "is_buyer_maker": true}
{"price": 109579.76, "quantity": 0.00015, "timestamp": "2025-05-27T14:49:46.036000", "is_buyer_maker": true}
{"price": 109579.66, "quantity": 5e-05, "timestamp": "2025-05-27T14:49:46.036000", "is_buyer_maker": true}
{"price": 109579.55, "quantity": 0.0025, "timestamp": "2025-05-27T14:49:46.036000", "is_buyer_maker": true}
{"price": 109579.04, "quantity": 0.00432, "timestamp": "2025-05-27T14:49:46.036000", "is_buyer_maker": true}
{"price": 109579.04, "quantity": 0.00024, "timestamp": "2025-05-27T14:49:46.036000", "is_buyer_maker": true}
{"price": 109578.99, "quantity": 0.00996, "timestamp": "2025-05-27T14:49:46.036000", "is_buyer_maker": true}
{"price": 109578.85, "quantity": 5e-05, "timestamp": "2025-05-27T14:49:46.036000", "is_buyer_maker": true}
{"price": 109578.84, "quantity": 0.00015, "timestamp": "2025-05-27T14:49:46.036000", "is_buyer_maker": true}
{"price": 109578.83, "quantity": 0.00015, "timestamp": "2025-05-27T14:49:46.036000", "is_buyer_maker": true}
{"price": 109578.08, "quantity": 6e-05, "timestamp": "2025-05-27T14:49:46.036000", "is_buyer_maker": true}
{"price": 109577.64, "quantity": 0.0001, "timestamp": "2025-05-27T14:49:46.036000", "is_buyer_maker": true}
{"price": 109577.61, "quantity": 0.00129, "timestamp": "2025-05-27T14:49:46.036000", "is_buyer_maker": true}
{"price": 109577.61, "quantity": 0.012, "timestamp": "2025-05-27T14:49:46.036000", "is_buyer_maker": true}
{"price": 109577.61, "quantity": 0.012, "timestamp": "2025-05-27T14:49:46.037000", "is_buyer_maker": true}
{"price": 109577.61, "quantity": 0.0002, "timestamp": "2025-05-27T14:49:46.039000", "is_buyer_maker": true}
{"price": 109577.21, "quantity": 0.00015, "timestamp": "2025-05-27T14:49:46.039000", "is_buyer_maker": true}
{"price": 109577.13, "quantity": 0.00015, "timestamp": "2025-05-27T14:49:46.039000", "is_buyer_maker": true}
{"price": 109577.12, "quantity": 0.0115, "timestamp": "2025-05-27T14:49:46.039000", "is_buyer_maker": true}
{"price": 109577.13, "quantity": 0.04962, "timestamp": "2025-05-27T14:49:46.689000", "is_buyer_maker": false}
{"price": 109577.14, "quantity": 0.0006, "timestamp": "2025-05-27T14:49:46.689000", "is_buyer_maker": false}
{"price": 109577.17, "quantity": 5e-05, "timestamp": "2025-05-27T14:49:46.689000", "is_buyer_maker": false}
{"price": 109577.18, "quantity": 5e-05, "timestamp": "2025-05-27T14:49:46.689000", "is_buyer_maker": false}
{"price": 109577.25, "quantity": 0.0002, "timestamp": "2025-05-27T14:49:46.689000", "is_buyer_maker": false}
{"price": 109577.26, "quantity": 5e-05, "timestamp": "2025-05-27T14:49:46.689000", "is_buyer_maker": false}
{"price": 109577.58, "quantity": 5e-05, "timestamp": "2025-05-27T14:49:46.689000", "is_buyer_maker": false}
{"price": 109577.59, "quantity": 5e-05, "timestamp": "2025-05-27T14:49:46.689000", "is_buyer_maker": false}
{"price": 109578.16, "quantity": 0.00015, "timestamp": "2025-05-27T14:49:46.689000", "is_buyer_maker": false}
{"price": 109578.17, "quantity": 0.00015, "timestamp": "2025-05-27T14:49:46.689000", "is_buyer_maker": false}
{"price": 109578.96, "quantity": 0.00136, "timestamp": "2025-05-27T14:49:46.689000", "is_buyer_maker": false}
{"price": 109579.02, "quantity": 0.00137, "timestamp": "2025-05-27T14:49:46.689000", "is_buyer_maker": false}
{"price": 109579.33, "quantity": 0.00044, "timestamp": "2025-05-27T14:49:46.689000", "is_buyer_maker": false}
{"price": 109580.0, "quantity": 5e-05, "timestamp": "2025-05-27T14:49:46.689000", "is_buyer_maker": false}
{"price": 109580.01, "quantity": 0.00015, "timestamp": "2025-05-27T14:49:46.689000", "is_buyer_maker": false}
{"price": 109580.02, "quantity": 0.00731, "timestamp": "2025-05-27T14:49:46.719000", "is_buyer_maker": false}
{"price": 109580.03, "quantity": 0.00055, "timestamp": "2025-05-27T14:49:46.719000", "is_buyer_maker": false}
{"price": 109580.22, "quantity": 0.0002, "timestamp": "2025-05-27T14:49:46.719000", "is_buyer_maker": false}
{"price": 109580.23, "quantity": 0.00552, "timestamp": "2025-05-27T14:49:46.719000", "is_buyer_maker": false}
{"price": 109581.27, "quantity": 0.0001, "timestamp": "2025-05-27T14:49:46.719000", "is_buyer_maker": false}
{"price": 109581.94, "quantity": 0.00141, "timestamp": "2025-05-27T14:49:46.719000", "is_buyer_maker": false}
{"price": 109581.97, "quantity": 0.00142, "timestamp": "2025-05-27T14:49:46.719000", "is_buyer_maker": false}
{"price": 109582.36, "quantity": 5e-05, "timestamp": "2025-05-27T14:49:46.719000", "is_buyer_maker": false}
{"price": 109589.03, "quantity": 0.13093, "timestamp": "2025-05-27T14:49:46.939000", "is_buyer_maker": true}
{"price": 109589.04, "quantity": 0.00015, "timestamp": "2025-05-27T14:49:47.380000", "is_buyer_maker": false}
{"price": 109589.03, "quantity": 0.00099, "timestamp": "2025-05-27T14:49:47.557000", "is_buyer_maker": true}
{"price": 109589.03, "quantity": 0.00013, "timestamp": "2025-05-27T14:49:48.178000", "is_buyer_maker": true}
{"price": 109589.04, "quantity": 0.15014, "timestamp": "2025-05-27T14:49:48.181000", "is_buyer_maker": false}
{"price": 109589.05, "quantity": 0.00045, "timestamp": "2025-05-27T14:49:48.181000", "is_buyer_maker": false}
{"price": 109590.01, "quantity": 0.0001, "timestamp": "2025-05-27T14:49:48.181000", "is_buyer_maker": false}
{"price": 109590.26, "quantity": 0.01956, "timestamp": "2025-05-27T14:49:48.190000", "is_buyer_maker": false}
{"price": 109590.27, "quantity": 0.00077, "timestamp": "2025-05-27T14:49:48.190000", "is_buyer_maker": false}
{"price": 109590.64, "quantity": 5e-05, "timestamp": "2025-05-27T14:49:48.190000", "is_buyer_maker": false}
{"price": 109590.65, "quantity": 5e-05, "timestamp": "2025-05-27T14:49:48.190000", "is_buyer_maker": false}
{"price": 109590.66, "quantity": 5e-05, "timestamp": "2025-05-27T14:49:48.190000", "is_buyer_maker": false}
{"price": 109591.1, "quantity": 0.0001, "timestamp": "2025-05-27T14:49:48.190000", "is_buyer_maker": false}
{"price": 109591.11, "quantity": 5e-05, "timestamp": "2025-05-27T14:49:48.190000", "is_buyer_maker": false}
{"price": 109591.24, "quantity": 0.00049, "timestamp": "2025-05-27T14:49:48.190000", "is_buyer_maker": false}
{"price": 109592.19, "quantity": 5e-05, "timestamp": "2025-05-27T14:49:48.190000", "is_buyer_maker": false}
{"price": 109592.32, "quantity": 0.00136, "timestamp": "2025-05-27T14:49:48.190000", "is_buyer_maker": false}
{"price": 109592.33, "quantity": 0.00137, "timestamp": "2025-05-27T14:49:48.190000", "is_buyer_maker": false}
{"price": 109595.49, "quantity": 0.00456, "timestamp": "2025-05-27T14:49:48.190000", "is_buyer_maker": false}
{"price": 109596.46, "quantity": 0.0025, "timestamp": "2025-05-27T14:49:48.190000", "is_buyer_maker": false}
{"price": 109596.57, "quantity": 0.00547, "timestamp": "2025-05-27T14:49:48.190000", "is_buyer_maker": false}
{"price": 109596.67, "quantity": 0.0001, "timestamp": "2025-05-27T14:49:48.190000", "is_buyer_maker": false}
{"price": 109596.94, "quantity": 0.00044, "timestamp": "2025-05-27T14:49:48.190000", "is_buyer_maker": false}
{"price": 109598.3, "quantity": 0.00253, "timestamp": "2025-05-27T14:49:48.191000", "is_buyer_maker": false}
{"price": 109598.48, "quantity": 0.00219, "timestamp": "2025-05-27T14:49:48.191000", "is_buyer_maker": false}
{"price": 109599.2, "quantity": 6e-05, "timestamp": "2025-05-27T14:49:48.191000", "is_buyer_maker": false}
{"price": 109599.99, "quantity": 0.00015, "timestamp": "2025-05-27T14:49:48.191000", "is_buyer_maker": false}
{"price": 109600.0, "quantity": 7e-05, "timestamp": "2025-05-27T14:49:48.191000", "is_buyer_maker": false}
{"price": 109600.0, "quantity": 0.02525, "timestamp": "2025-05-27T14:49:48.192000", "is_buyer_maker": false}
{"price": 109600.12, "quantity": 5e-05, "timestamp": "2025-05-27T14:49:48.192000", "is_buyer_maker": false}
{"price": 109600.9, "quantity": 6e-05, "timestamp": "2025-05-27T14:49:48.192000", "is_buyer_maker": false}
{"price": 109601.93, "quantity": 0.00045, "timestamp": "2025-05-27T14:49:48.192000", "is_buyer_maker": false}
{"price": 109602.25, "quantity": 0.00101, "timestamp": "2025-05-27T14:49:48.192000", "is_buyer_maker": false}
{"price": 109603.51, "quantity": 0.00234, "timestamp": "2025-05-27T14:49:48.192000", "is_buyer_maker": false}
{"price": 109604.0, "quantity": 0.00235, "timestamp": "2025-05-27T14:49:48.192000", "is_buyer_maker": false}
{"price": 109604.01, "quantity": 0.00095, "timestamp": "2025-05-27T14:49:48.192000", "is_buyer_maker": false}
{"price": 109604.07, "quantity": 5e-05, "timestamp": "2025-05-27T14:49:48.192000", "is_buyer_maker": false}
{"price": 109604.57, "quantity": 6e-05, "timestamp": "2025-05-27T14:49:48.192000", "is_buyer_maker": false}
{"price": 109604.74, "quantity": 0.00913, "timestamp": "2025-05-27T14:49:48.192000", "is_buyer_maker": false}
{"price": 109605.39, "quantity": 6e-05, "timestamp": "2025-05-27T14:49:48.192000", "is_buyer_maker": false}
{"price": 109605.4, "quantity": 0.00249, "timestamp": "2025-05-27T14:49:48.192000", "is_buyer_maker": false}
{"price": 109605.48, "quantity": 0.00148, "timestamp": "2025-05-27T14:49:48.192000", "is_buyer_maker": false}
{"price": 109605.48, "quantity": 0.00324, "timestamp": "2025-05-27T14:49:48.192000", "is_buyer_maker": false}
{"price": 109605.58, "quantity": 0.00015, "timestamp": "2025-05-27T14:49:48.192000", "is_buyer_maker": false}
{"price": 109605.59, "quantity": 5e-05, "timestamp": "2025-05-27T14:49:48.192000", "is_buyer_maker": false}
{"price": 109605.6, "quantity": 0.03655, "timestamp": "2025-05-27T14:49:48.192000", "is_buyer_maker": false}
{"price": 109605.68, "quantity": 0.00033, "timestamp": "2025-05-27T14:49:48.192000", "is_buyer_maker": false}
{"price": 109606.44, "quantity": 0.00015, "timestamp": "2025-05-27T14:49:48.192000", "is_buyer_maker": false}
{"price": 109606.45, "quantity": 0.54005, "timestamp": "2025-05-27T14:49:48.192000", "is_buyer_maker": false}
{"price": 109606.51, "quantity": 5e-05, "timestamp": "2025-05-27T14:49:48.192000", "is_buyer_maker": false}
{"price": 109606.56, "quantity": 0.00022, "timestamp": "2025-05-27T14:49:48.192000", "is_buyer_maker": false}
{"price": 109606.64, "quantity": 7e-05, "timestamp": "2025-05-27T14:49:48.192000", "is_buyer_maker": false}
{"price": 109606.7, "quantity": 0.0025, "timestamp": "2025-05-27T14:49:48.192000", "is_buyer_maker": false}
{"price": 109607.15, "quantity": 0.01855, "timestamp": "2025-05-27T14:49:48.192000", "is_buyer_maker": false}
{"price": 109608.0, "quantity": 0.00235, "timestamp": "2025-05-27T14:49:48.192000", "is_buyer_maker": false}
{"price": 109608.02, "quantity": 5e-05, "timestamp": "2025-05-27T14:49:48.192000", "is_buyer_maker": false}
{"price": 109608.7, "quantity": 0.2961, "timestamp": "2025-05-27T14:49:48.192000", "is_buyer_maker": false}
{"price": 109609.04, "quantity": 0.00423, "timestamp": "2025-05-27T14:49:48.192000", "is_buyer_maker": false}
{"price": 109609.09, "quantity": 0.003, "timestamp": "2025-05-27T14:49:48.192000", "is_buyer_maker": false}
{"price": 109609.5, "quantity": 5e-05, "timestamp": "2025-05-27T14:49:48.192000", "is_buyer_maker": false}
{"price": 109609.88, "quantity": 6e-05, "timestamp": "2025-05-27T14:49:48.192000", "is_buyer_maker": false}
{"price": 109609.92, "quantity": 6e-05, "timestamp": "2025-05-27T14:49:48.192000", "is_buyer_maker": false}
{"price": 109610.0, "quantity": 9e-05, "timestamp": "2025-05-27T14:49:48.192000", "is_buyer_maker": false}
{"price": 109610.96, "quantity": 6e-05, "timestamp": "2025-05-27T14:49:48.192000", "is_buyer_maker": false}
{"price": 109611.26, "quantity": 0.00012, "timestamp": "2025-05-27T14:49:48.192000", "is_buyer_maker": false}
{"price": 109611.84, "quantity": 5e-05, "timestamp": "2025-05-27T14:49:48.192000", "is_buyer_maker": false}
{"price": 109612.0, "quantity": 0.00235, "timestamp": "2025-05-27T14:49:48.192000", "is_buyer_maker": false}
{"price": 109614.37, "quantity": 6e-05, "timestamp": "2025-05-27T14:49:48.192000", "is_buyer_maker": false}
{"price": 109614.96, "quantity": 5e-05, "timestamp": "2025-05-27T14:49:48.192000", "is_buyer_maker": false}
{"price": 109615.36, "quantity": 0.07995, "timestamp": "2025-05-27T14:49:48.192000", "is_buyer_maker": false}
{"price": 109615.36, "quantity": 0.00165, "timestamp": "2025-05-27T14:49:48.192000", "is_buyer_maker": false}
{"price": 109615.91, "quantity": 5e-05, "timestamp": "2025-05-27T14:49:48.192000", "is_buyer_maker": false}
{"price": 109616.0, "quantity": 0.00235, "timestamp": "2025-05-27T14:49:48.192000", "is_buyer_maker": false}
{"price": 109616.44, "quantity": 6e-05, "timestamp": "2025-05-27T14:49:48.192000", "is_buyer_maker": false}
{"price": 109616.74, "quantity": 0.00012, "timestamp": "2025-05-27T14:49:48.192000", "is_buyer_maker": false}
{"price": 109617.7, "quantity": 7e-05, "timestamp": "2025-05-27T14:49:48.192000", "is_buyer_maker": false}
{"price": 109618.4, "quantity": 0.0357, "timestamp": "2025-05-27T14:49:48.192000", "is_buyer_maker": false}
{"price": 109618.4, "quantity": 0.0008, "timestamp": "2025-05-27T14:49:48.193000", "is_buyer_maker": false}
{"price": 109618.61, "quantity": 0.0092, "timestamp": "2025-05-27T14:49:48.193000", "is_buyer_maker": false}
{"price": 109618.61, "quantity": 0.5308, "timestamp": "2025-05-27T14:49:48.193000", "is_buyer_maker": false}
{"price": 109618.86, "quantity": 6e-05, "timestamp": "2025-05-27T14:49:48.193000", "is_buyer_maker": false}
{"price": 109619.05, "quantity": 0.04331, "timestamp": "2025-05-27T14:49:48.193000", "is_buyer_maker": false}
{"price": 109619.05, "quantity": 0.00525, "timestamp": "2025-05-27T14:49:48.193000", "is_buyer_maker": false}
{"price": 109619.05, "quantity": 0.04, "timestamp": "2025-05-27T14:49:48.195000", "is_buyer_maker": false}
{"price": 109619.05, "quantity": 0.0587, "timestamp": "2025-05-27T14:49:48.195000", "is_buyer_maker": false}
{"price": 109619.85, "quantity": 5e-05, "timestamp": "2025-05-27T14:49:48.195000", "is_buyer_maker": false}
{"price": 109619.92, "quantity": 0.0001, "timestamp": "2025-05-27T14:49:48.195000", "is_buyer_maker": false}
{"price": 109620.0, "quantity": 0.02069, "timestamp": "2025-05-27T14:49:48.195000", "is_buyer_maker": false}
{"price": 109620.36, "quantity": 6e-05, "timestamp": "2025-05-27T14:49:48.195000", "is_buyer_maker": false}
{"price": 109620.42, "quantity": 5e-05, "timestamp": "2025-05-27T14:49:48.195000", "is_buyer_maker": false}
{"price": 109620.63, "quantity": 0.00011, "timestamp": "2025-05-27T14:49:48.195000", "is_buyer_maker": false}
{"price": 109620.8, "quantity": 0.00045, "timestamp": "2025-05-27T14:49:48.195000", "is_buyer_maker": false}
{"price": 109621.81, "quantity": 5e-05, "timestamp": "2025-05-27T14:49:48.195000", "is_buyer_maker": false}
{"price": 109621.91, "quantity": 0.22798, "timestamp": "2025-05-27T14:49:48.195000", "is_buyer_maker": false}
{"price": 109621.92, "quantity": 6e-05, "timestamp": "2025-05-27T14:49:48.195000", "is_buyer_maker": false}
{"price": 109622.0, "quantity": 0.00974, "timestamp": "2025-05-27T14:49:48.195000", "is_buyer_maker": false}
{"price": 109622.96, "quantity": 6e-05, "timestamp": "2025-05-27T14:49:48.195000", "is_buyer_maker": false}
{"price": 109623.35, "quantity": 5e-05, "timestamp": "2025-05-27T14:49:48.195000", "is_buyer_maker": false}
{"price": 109623.35, "quantity": 1e-05, "timestamp": "2025-05-27T14:49:48.196000", "is_buyer_maker": false}
{"price": 109624.0, "quantity": 0.00235, "timestamp": "2025-05-27T14:49:48.196000", "is_buyer_maker": false}
{"price": 109625.44, "quantity": 0.014, "timestamp": "2025-05-27T14:49:48.196000", "is_buyer_maker": false}
{"price": 109625.88, "quantity": 5e-05, "timestamp": "2025-05-27T14:49:48.196000", "is_buyer_maker": false}
{"price": 109626.34, "quantity": 0.14359, "timestamp": "2025-05-27T14:49:48.196000", "is_buyer_maker": false}
{"price": 109615.02, "quantity": 5e-05, "timestamp": "2025-05-27T14:49:48.197000", "is_buyer_maker": false}
{"price": 109626.34, "quantity": 0.18467, "timestamp": "2025-05-27T14:49:48.197000", "is_buyer_maker": false}
{"price": 109626.5, "quantity": 0.01947, "timestamp": "2025-05-27T14:49:48.197000", "is_buyer_maker": false}
{"price": 109627.4, "quantity": 6e-05, "timestamp": "2025-05-27T14:49:48.197000", "is_buyer_maker": false}
{"price": 109627.75, "quantity": 5e-05, "timestamp": "2025-05-27T14:49:48.197000", "is_buyer_maker": false}
{"price": 109627.84, "quantity": 6e-05, "timestamp": "2025-05-27T14:49:48.197000", "is_buyer_maker": false}
{"price": 109628.0, "quantity": 0.00235, "timestamp": "2025-05-27T14:49:48.197000", "is_buyer_maker": false}
{"price": 109628.04, "quantity": 0.04, "timestamp": "2025-05-27T14:49:48.197000", "is_buyer_maker": false}
{"price": 109628.76, "quantity": 7e-05, "timestamp": "2025-05-27T14:49:48.197000", "is_buyer_maker": false}
{"price": 109629.0, "quantity": 9e-05, "timestamp": "2025-05-27T14:49:48.197000", "is_buyer_maker": false}
{"price": 109629.11, "quantity": 0.0009, "timestamp": "2025-05-27T14:49:48.197000", "is_buyer_maker": false}
{"price": 109629.34, "quantity": 5e-05, "timestamp": "2025-05-27T14:49:48.197000", "is_buyer_maker": false}
{"price": 109629.69, "quantity": 0.00011, "timestamp": "2025-05-27T14:49:48.197000", "is_buyer_maker": false}
{"price": 109631.34, "quantity": 5e-05, "timestamp": "2025-05-27T14:49:48.197000", "is_buyer_maker": false}
{"price": 109631.43, "quantity": 6e-05, "timestamp": "2025-05-27T14:49:48.197000", "is_buyer_maker": false}
{"price": 109631.69, "quantity": 5e-05, "timestamp": "2025-05-27T14:49:48.197000", "is_buyer_maker": false}
{"price": 109631.77, "quantity": 0.003, "timestamp": "2025-05-27T14:49:48.197000", "is_buyer_maker": false}
{"price": 109631.79, "quantity": 5e-05, "timestamp": "2025-05-27T14:49:48.197000", "is_buyer_maker": false}
{"price": 109632.0, "quantity": 0.00235, "timestamp": "2025-05-27T14:49:48.197000", "is_buyer_maker": false}
{"price": 109632.04, "quantity": 0.02567, "timestamp": "2025-05-27T14:49:48.197000", "is_buyer_maker": false}
{"price": 109632.33, "quantity": 6e-05, "timestamp": "2025-05-27T14:49:48.197000", "is_buyer_maker": false}
{"price": 109632.88, "quantity": 6e-05, "timestamp": "2025-05-27T14:49:48.197000", "is_buyer_maker": false}
{"price": 109634.29, "quantity": 0.04, "timestamp": "2025-05-27T14:49:48.197000", "is_buyer_maker": false}
{"price": 109635.62, "quantity": 0.00077, "timestamp": "2025-05-27T14:49:48.197000", "is_buyer_maker": false}
{"price": 109635.62, "quantity": 0.01037, "timestamp": "2025-05-27T14:49:48.198000", "is_buyer_maker": false}
{"price": 109636.0, "quantity": 0.00235, "timestamp": "2025-05-27T14:49:48.198000", "is_buyer_maker": false}
{"price": 109636.37, "quantity": 0.11686, "timestamp": "2025-05-27T14:49:48.198000", "is_buyer_maker": false}
{"price": 109636.44, "quantity": 0.0001, "timestamp": "2025-05-27T14:49:48.198000", "is_buyer_maker": false}
{"price": 109636.8, "quantity": 5e-05, "timestamp": "2025-05-27T14:49:48.198000", "is_buyer_maker": false}
{"price": 109636.82, "quantity": 6e-05, "timestamp": "2025-05-27T14:49:48.198000", "is_buyer_maker": false}
{"price": 109637.39, "quantity": 0.0001, "timestamp": "2025-05-27T14:49:48.198000", "is_buyer_maker": false}
{"price": 109637.71, "quantity": 0.19011, "timestamp": "2025-05-27T14:49:48.198000", "is_buyer_maker": false}
{"price": 109615.36, "quantity": 5e-05, "timestamp": "2025-05-27T14:49:48.198000", "is_buyer_maker": false}
{"price": 109626.6, "quantity": 5e-05, "timestamp": "2025-05-27T14:49:48.198000", "is_buyer_maker": false}
{"price": 109637.71, "quantity": 0.0099, "timestamp": "2025-05-27T14:49:48.198000", "is_buyer_maker": false}
{"price": 109635.98, "quantity": 0.005, "timestamp": "2025-05-27T14:49:48.198000", "is_buyer_maker": false}
{"price": 109635.98, "quantity": 0.03396, "timestamp": "2025-05-27T14:49:48.199000", "is_buyer_maker": false}
{"price": 109637.71, "quantity": 0.12604, "timestamp": "2025-05-27T14:49:48.199000", "is_buyer_maker": false}
{"price": 109637.71, "quantity": 0.005, "timestamp": "2025-05-27T14:49:48.200000", "is_buyer_maker": false}
{"price": 109619.99, "quantity": 0.00015, "timestamp": "2025-05-27T14:49:48.206000", "is_buyer_maker": false}
{"price": 109623.64, "quantity": 5e-05, "timestamp": "2025-05-27T14:49:48.206000", "is_buyer_maker": false}
{"price": 109626.49, "quantity": 0.0001, "timestamp": "2025-05-27T14:49:48.206000", "is_buyer_maker": false}
{"price": 109626.91, "quantity": 5e-05, "timestamp": "2025-05-27T14:49:48.206000", "is_buyer_maker": false}
{"price": 109627.56, "quantity": 0.0001, "timestamp": "2025-05-27T14:49:48.206000", "is_buyer_maker": false}
{"price": 109634.8, "quantity": 5e-05, "timestamp": "2025-05-27T14:49:48.206000", "is_buyer_maker": false}
{"price": 109637.71, "quantity": 0.0795, "timestamp": "2025-05-27T14:49:48.206000", "is_buyer_maker": false}
{"price": 109638.36, "quantity": 6e-05, "timestamp": "2025-05-27T14:49:48.208000", "is_buyer_maker": false}
{"price": 109638.35, "quantity": 0.0012, "timestamp": "2025-05-27T14:49:48.261000", "is_buyer_maker": true}
{"price": 109638.36, "quantity": 0.005, "timestamp": "2025-05-27T14:49:48.269000", "is_buyer_maker": false}
{"price": 109638.36, "quantity": 0.005, "timestamp": "2025-05-27T14:49:48.269000", "is_buyer_maker": false}
{"price": 109638.36, "quantity": 0.00022, "timestamp": "2025-05-27T14:49:48.277000", "is_buyer_maker": false}
{"price": 109638.36, "quantity": 0.008, "timestamp": "2025-05-27T14:49:48.280000", "is_buyer_maker": false}
{"price": 109638.35, "quantity": 0.0001, "timestamp": "2025-05-27T14:49:48.340000", "is_buyer_maker": true}
{"price": 109638.36, "quantity": 0.002, "timestamp": "2025-05-27T14:49:48.356000", "is_buyer_maker": false}
{"price": 109638.35, "quantity": 0.00045, "timestamp": "2025-05-27T14:49:48.460000", "is_buyer_maker": true}
{"price": 109638.35, "quantity": 0.00038, "timestamp": "2025-05-27T14:49:48.561000", "is_buyer_maker": true}
{"price": 109638.35, "quantity": 0.00013, "timestamp": "2025-05-27T14:49:49.182000", "is_buyer_maker": true}
{"price": 109638.35, "quantity": 0.00394, "timestamp": "2025-05-27T14:49:49.183000", "is_buyer_maker": true}
{"price": 109638.36, "quantity": 5e-05, "timestamp": "2025-05-27T14:49:49.607000", "is_buyer_maker": false}
{"price": 109638.35, "quantity": 0.00777, "timestamp": "2025-05-27T14:49:49.617000", "is_buyer_maker": true}
{"price": 109638.35, "quantity": 7e-05, "timestamp": "2025-05-27T14:49:49.658000", "is_buyer_maker": true}
{"price": 109638.36, "quantity": 0.00116, "timestamp": "2025-05-27T14:49:49.885000", "is_buyer_maker": false}
{"price": 109638.35, "quantity": 0.04, "timestamp": "2025-05-27T14:49:50.116000", "is_buyer_maker": true}
{"price": 109638.35, "quantity": 0.34663, "timestamp": "2025-05-27T14:49:50.249000", "is_buyer_maker": true}
{"price": 109638.35, "quantity": 0.03941, "timestamp": "2025-05-27T14:49:50.250000", "is_buyer_maker": true}
{"price": 109638.34, "quantity": 0.00308, "timestamp": "2025-05-27T14:49:50.250000", "is_buyer_maker": true}
{"price": 109638.25, "quantity": 5e-05, "timestamp": "2025-05-27T14:49:50.250000", "is_buyer_maker": true}
{"price": 109638.24, "quantity": 5e-05, "timestamp": "2025-05-27T14:49:50.250000", "is_buyer_maker": true}
{"price": 109638.23, "quantity": 5e-05, "timestamp": "2025-05-27T14:49:50.250000", "is_buyer_maker": true}
{"price": 109638.22, "quantity": 5e-05, "timestamp": "2025-05-27T14:49:50.250000", "is_buyer_maker": true}
{"price": 109638.19, "quantity": 5e-05, "timestamp": "2025-05-27T14:49:50.250000", "is_buyer_maker": true}
{"price": 109638.18, "quantity": 5e-05, "timestamp": "2025-05-27T14:49:50.250000", "is_buyer_maker": true}
{"price": 109638.14, "quantity": 0.00045, "timestamp": "2025-05-27T14:49:50.250000", "is_buyer_maker": true}
{"price": 109637.67, "quantity": 0.00091, "timestamp": "2025-05-27T14:49:50.250000", "is_buyer_maker": true}
{"price": 109637.41, "quantity": 0.00137, "timestamp": "2025-05-27T14:49:50.250000", "is_buyer_maker": true}
{"price": 109636.99, "quantity": 5e-05, "timestamp": "2025-05-27T14:49:50.250000", "is_buyer_maker": true}
{"price": 109636.15, "quantity": 0.01075, "timestamp": "2025-05-27T14:49:50.260000", "is_buyer_maker": true}
{"price": 109635.9, "quantity": 0.0001, "timestamp": "2025-05-27T14:49:50.260000", "is_buyer_maker": true}
{"price": 109634.15, "quantity": 0.00023, "timestamp": "2025-05-27T14:49:50.260000", "is_buyer_maker": true}
{"price": 109634.14, "quantity": 0.00486, "timestamp": "2025-05-27T14:49:50.282000", "is_buyer_maker": true}
{"price": 109634.13, "quantity": 0.00486, "timestamp": "2025-05-27T14:49:50.295000", "is_buyer_maker": true}
{"price": 109633.91, "quantity": 0.0005, "timestamp": "2025-05-27T14:49:50.295000", "is_buyer_maker": true}
{"price": 109633.71, "quantity": 0.0001, "timestamp": "2025-05-27T14:49:50.295000", "is_buyer_maker": true}
{"price": 109633.42, "quantity": 0.0003, "timestamp": "2025-05-27T14:49:50.302000", "is_buyer_maker": true}
{"price": 109633.14, "quantity": 5e-05, "timestamp": "2025-05-27T14:49:50.302000", "is_buyer_maker": true}
{"price": 109633.12, "quantity": 0.00137, "timestamp": "2025-05-27T14:49:50.302000", "is_buyer_maker": true}
{"price": 109632.87, "quantity": 5e-05, "timestamp": "2025-05-27T14:49:50.302000", "is_buyer_maker": true}
{"price": 109632.62, "quantity": 0.0001, "timestamp": "2025-05-27T14:49:50.302000", "is_buyer_maker": true}
{"price": 109632.14, "quantity": 5e-05, "timestamp": "2025-05-27T14:49:50.302000", "is_buyer_maker": true}
{"price": 109631.94, "quantity": 0.00049, "timestamp": "2025-05-27T14:49:50.302000", "is_buyer_maker": true}
{"price": 109631.53, "quantity": 0.0001, "timestamp": "2025-05-27T14:49:50.302000", "is_buyer_maker": true}
{"price": 109630.67, "quantity": 5e-05, "timestamp": "2025-05-27T14:49:50.302000", "is_buyer_maker": true}
{"price": 109630.44, "quantity": 5e-05, "timestamp": "2025-05-27T14:49:50.302000", "is_buyer_maker": true}
{"price": 109629.55, "quantity": 0.00548, "timestamp": "2025-05-27T14:49:50.302000", "is_buyer_maker": true}
{"price": 109627.84, "quantity": 6e-05, "timestamp": "2025-05-27T14:49:50.302000", "is_buyer_maker": true}
{"price": 109627.52, "quantity": 0.00033, "timestamp": "2025-05-27T14:49:50.302000", "is_buyer_maker": true}
{"price": 109627.51, "quantity": 0.0084, "timestamp": "2025-05-27T14:49:50.302000", "is_buyer_maker": true}
{"price": 109627.51, "quantity": 0.00012, "timestamp": "2025-05-27T14:49:50.369000", "is_buyer_maker": true}
{"price": 109627.51, "quantity": 0.012, "timestamp": "2025-05-27T14:49:50.471000", "is_buyer_maker": true}
{"price": 109627.51, "quantity": 0.00329, "timestamp": "2025-05-27T14:49:50.471000", "is_buyer_maker": true}
{"price": 109626.71, "quantity": 0.0104, "timestamp": "2025-05-27T14:49:50.476000", "is_buyer_maker": true}
{"price": 109626.07, "quantity": 5e-05, "timestamp": "2025-05-27T14:49:50.476000", "is_buyer_maker": true}
{"price": 109625.88, "quantity": 0.0001, "timestamp": "2025-05-27T14:49:50.476000", "is_buyer_maker": true}
{"price": 109625.32, "quantity": 5e-05, "timestamp": "2025-05-27T14:49:50.476000", "is_buyer_maker": true}
{"price": 109625.31, "quantity": 5e-05, "timestamp": "2025-05-27T14:49:50.476000", "is_buyer_maker": true}
{"price": 109625.19, "quantity": 5e-05, "timestamp": "2025-05-27T14:49:50.476000", "is_buyer_maker": true}
{"price": 109624.13, "quantity": 5e-05, "timestamp": "2025-05-27T14:49:50.476000", "is_buyer_maker": true}
{"price": 109624.12, "quantity": 5e-05, "timestamp": "2025-05-27T14:49:50.476000", "is_buyer_maker": true}
{"price": 109623.35, "quantity": 6e-05, "timestamp": "2025-05-27T14:49:50.476000", "is_buyer_maker": true}
{"price": 109622.8, "quantity": 0.0001, "timestamp": "2025-05-27T14:49:50.476000", "is_buyer_maker": true}
{"price": 109622.79, "quantity": 5e-05, "timestamp": "2025-05-27T14:49:50.476000", "is_buyer_maker": true}
{"price": 109621.92, "quantity": 6e-05, "timestamp": "2025-05-27T14:49:50.476000", "is_buyer_maker": true}
{"price": 109621.9, "quantity": 0.00093, "timestamp": "2025-05-27T14:49:50.476000", "is_buyer_maker": true}
{"price": 109621.9, "quantity": 0.00207, "timestamp": "2025-05-27T14:49:50.477000", "is_buyer_maker": true}
{"price": 109620.87, "quantity": 0.00015, "timestamp": "2025-05-27T14:49:50.477000", "is_buyer_maker": true}
{"price": 109620.86, "quantity": 0.00912, "timestamp": "2025-05-27T14:49:50.477000", "is_buyer_maker": true}
{"price": 109620.6, "quantity": 0.00015, "timestamp": "2025-05-27T14:49:50.477000", "is_buyer_maker": true}
{"price": 109620.59, "quantity": 0.00051, "timestamp": "2025-05-27T14:49:50.477000", "is_buyer_maker": true}
{"price": 109620.59, "quantity": 0.00871, "timestamp": "2025-05-27T14:49:50.477000", "is_buyer_maker": true}
{"price": 109620.59, "quantity": 0.012, "timestamp": "2025-05-27T14:49:50.479000", "is_buyer_maker": true}
{"price": 109620.59, "quantity": 0.008, "timestamp": "2025-05-27T14:49:50.479000", "is_buyer_maker": true}
{"price": 109620.59, "quantity": 0.012, "timestamp": "2025-05-27T14:49:50.479000", "is_buyer_maker": true}
{"price": 109620.59, "quantity": 0.012, "timestamp": "2025-05-27T14:49:50.480000", "is_buyer_maker": true}
{"price": 109620.59, "quantity": 0.012, "timestamp": "2025-05-27T14:49:50.480000", "is_buyer_maker": true}
{"price": 109620.59, "quantity": 0.012, "timestamp": "2025-05-27T14:49:50.481000", "is_buyer_maker": true}
{"price": 109620.59, "quantity": 0.012, "timestamp": "2025-05-27T14:49:50.482000", "is_buyer_maker": true}
{"price": 109620.59, "quantity": 0.012, "timestamp": "2025-05-27T14:49:50.485000", "is_buyer_maker": true}
{"price": 109620.6, "quantity": 0.00182, "timestamp": "2025-05-27T14:49:50.586000", "is_buyer_maker": false}
{"price": 109620.6, "quantity": 0.00315, "timestamp": "2025-05-27T14:49:50.885000", "is_buyer_maker": false}
{"price": 109620.59, "quantity": 8e-05, "timestamp": "2025-05-27T14:49:51.122000", "is_buyer_maker": true}
{"price": 109620.59, "quantity": 0.00042, "timestamp": "2025-05-27T14:49:51.344000", "is_buyer_maker": true}
{"price": 109620.6, "quantity": 0.00547, "timestamp": "2025-05-27T14:49:51.373000", "is_buyer_maker": false}
{"price": 109620.59, "quantity": 0.01338, "timestamp": "2025-05-27T14:49:51.790000", "is_buyer_maker": true}
{"price": 109620.59, "quantity": 0.01782, "timestamp": "2025-05-27T14:49:52.040000", "is_buyer_maker": true}
{"price": 109620.58, "quantity": 0.00055, "timestamp": "2025-05-27T14:49:52.040000", "is_buyer_maker": true}
{"price": 109620.55, "quantity": 5e-05, "timestamp": "2025-05-27T14:49:52.040000", "is_buyer_maker": true}
{"price": 109620.54, "quantity": 5e-05, "timestamp": "2025-05-27T14:49:52.040000", "is_buyer_maker": true}
{"price": 109620.53, "quantity": 5e-05, "timestamp": "2025-05-27T14:49:52.040000", "is_buyer_maker": true}
{"price": 109620.52, "quantity": 5e-05, "timestamp": "2025-05-27T14:49:52.040000", "is_buyer_maker": true}
{"price": 109620.51, "quantity": 5e-05, "timestamp": "2025-05-27T14:49:52.040000", "is_buyer_maker": true}
{"price": 109620.5, "quantity": 5e-05, "timestamp": "2025-05-27T14:49:52.040000", "is_buyer_maker": true}
{"price": 109620.3, "quantity": 0.00045, "timestamp": "2025-05-27T14:49:52.040000", "is_buyer_maker": true}
{"price": 109620.0, "quantity": 0.01802, "timestamp": "2025-05-27T14:49:52.085000", "is_buyer_maker": true}
{"price": 109619.99, "quantity": 0.00055, "timestamp": "2025-05-27T14:49:52.085000", "is_buyer_maker": true}
{"price": 109619.69, "quantity": 0.0005, "timestamp": "2025-05-27T14:49:52.085000", "is_buyer_maker": true}
{"price": 109619.51, "quantity": 0.0001, "timestamp": "2025-05-27T14:49:52.085000", "is_buyer_maker": true}
{"price": 109619.29, "quantity": 0.00096, "timestamp": "2025-05-27T14:49:52.085000", "is_buyer_maker": true}
{"price": 109619.05, "quantity": 0.00142, "timestamp": "2025-05-27T14:49:52.085000", "is_buyer_maker": true}
{"price": 109618.39, "quantity": 0.00049, "timestamp": "2025-05-27T14:49:52.085000", "is_buyer_maker": true}
{"price": 109617.33, "quantity": 0.0001, "timestamp": "2025-05-27T14:49:52.085000", "is_buyer_maker": true}
{"price": 109616.44, "quantity": 6e-05, "timestamp": "2025-05-27T14:49:52.085000", "is_buyer_maker": true}
{"price": 109616.0, "quantity": 0.002, "timestamp": "2025-05-27T14:49:52.085000", "is_buyer_maker": true}
{"price": 109615.11, "quantity": 0.00456, "timestamp": "2025-05-27T14:49:52.085000", "is_buyer_maker": true}
{"price": 109613.91, "quantity": 0.00015, "timestamp": "2025-05-27T14:49:52.085000", "is_buyer_maker": true}
{"price": 109613.9, "quantity": 0.00912, "timestamp": "2025-05-27T14:49:52.085000", "is_buyer_maker": true}
{"price": 109613.72, "quantity": 0.0001, "timestamp": "2025-05-27T14:49:52.085000", "is_buyer_maker": true}
{"price": 109612.74, "quantity": 6e-05, "timestamp": "2025-05-27T14:49:52.085000", "is_buyer_maker": true}
{"price": 109612.0, "quantity": 0.002, "timestamp": "2025-05-27T14:49:52.085000", "is_buyer_maker": true}
{"price": 109611.87, "quantity": 0.00022, "timestamp": "2025-05-27T14:49:52.085000", "is_buyer_maker": true}
{"price": 109610.86, "quantity": 0.00548, "timestamp": "2025-05-27T14:49:52.085000", "is_buyer_maker": true}
{"price": 109609.88, "quantity": 6e-05, "timestamp": "2025-05-27T14:49:52.085000", "is_buyer_maker": true}
{"price": 109609.63, "quantity": 0.00456, "timestamp": "2025-05-27T14:49:52.085000", "is_buyer_maker": true}
{"price": 109609.5, "quantity": 5e-05, "timestamp": "2025-05-27T14:49:52.087000", "is_buyer_maker": true}
{"price": 109608.0, "quantity": 0.002, "timestamp": "2025-05-27T14:49:52.087000", "is_buyer_maker": true}
{"price": 109607.37, "quantity": 0.00091, "timestamp": "2025-05-27T14:49:52.087000", "is_buyer_maker": true}
{"price": 109607.19, "quantity": 0.00015, "timestamp": "2025-05-27T14:49:52.087000", "is_buyer_maker": true}
{"price": 109607.18, "quantity": 0.01263, "timestamp": "2025-05-27T14:49:52.087000", "is_buyer_maker": true}
{"price": 109607.18, "quantity": 5e-05, "timestamp": "2025-05-27T14:49:52.088000", "is_buyer_maker": true}
{"price": 109606.42, "quantity": 1e-05, "timestamp": "2025-05-27T14:49:52.088000", "is_buyer_maker": true}
{"price": 109606.42, "quantity": 0.01828, "timestamp": "2025-05-27T14:49:52.400000", "is_buyer_maker": true}
{"price": 109606.42, "quantity": 0.27379, "timestamp": "2025-05-27T14:49:52.588000", "is_buyer_maker": true}
{"price": 109606.43, "quantity": 0.00029, "timestamp": "2025-05-27T14:49:52.606000", "is_buyer_maker": false}
{"price": 109606.42, "quantity": 0.0253, "timestamp": "2025-05-27T14:49:52.752000", "is_buyer_maker": true}
{"price": 109606.41, "quantity": 0.0005, "timestamp": "2025-05-27T14:49:52.752000", "is_buyer_maker": true}
{"price": 109606.35, "quantity": 5e-05, "timestamp": "2025-05-27T14:49:52.752000", "is_buyer_maker": true}
{"price": 109606.18, "quantity": 5e-05, "timestamp": "2025-05-27T14:49:52.752000", "is_buyer_maker": true}
{"price": 109606.16, "quantity": 5e-05, "timestamp": "2025-05-27T14:49:52.752000", "is_buyer_maker": true}
{"price": 109606.0, "quantity": 0.0005, "timestamp": "2025-05-27T14:49:52.752000", "is_buyer_maker": true}
{"price": 109605.64, "quantity": 0.00096, "timestamp": "2025-05-27T14:49:52.752000", "is_buyer_maker": true}
{"price": 109605.48, "quantity": 0.00011, "timestamp": "2025-05-27T14:49:52.752000", "is_buyer_maker": true}
{"price": 109605.45, "quantity": 0.003, "timestamp": "2025-05-27T14:49:52.752000", "is_buyer_maker": true}
{"price": 109605.43, "quantity": 0.00137, "timestamp": "2025-05-27T14:49:52.752000", "is_buyer_maker": true}
{"price": 109605.39, "quantity": 6e-05, "timestamp": "2025-05-27T14:49:52.752000", "is_buyer_maker": true}
{"price": 109605.31, "quantity": 5e-05, "timestamp": "2025-05-27T14:49:52.752000", "is_buyer_maker": true}
{"price": 109604.22, "quantity": 0.0005, "timestamp": "2025-05-27T14:49:52.752000", "is_buyer_maker": true}
{"price": 109604.08, "quantity": 5e-05, "timestamp": "2025-05-27T14:49:52.752000", "is_buyer_maker": true}
{"price": 109604.0, "quantity": 0.002, "timestamp": "2025-05-27T14:49:52.752000", "is_buyer_maker": true}
{"price": 109601.08, "quantity": 0.01277, "timestamp": "2025-05-27T14:49:53.042000", "is_buyer_maker": true}
{"price": 109601.07, "quantity": 0.00055, "timestamp": "2025-05-27T14:49:53.042000", "is_buyer_maker": true}
{"price": 109601.0, "quantity": 5e-05, "timestamp": "2025-05-27T14:49:53.042000", "is_buyer_maker": true}
{"price": 109600.99, "quantity": 5e-05, "timestamp": "2025-05-27T14:49:53.042000", "is_buyer_maker": true}
{"price": 109600.94, "quantity": 5e-05, "timestamp": "2025-05-27T14:49:53.042000", "is_buyer_maker": true}
{"price": 109600.13, "quantity": 5e-05, "timestamp": "2025-05-27T14:49:53.042000", "is_buyer_maker": true}
{"price": 109600.12, "quantity": 5e-05, "timestamp": "2025-05-27T14:49:53.042000", "is_buyer_maker": true}
{"price": 109600.01, "quantity": 0.00034, "timestamp": "2025-05-27T14:49:53.042000", "is_buyer_maker": true}
{"price": 109600.0, "quantity": 0.02043, "timestamp": "2025-05-27T14:49:53.042000", "is_buyer_maker": true}
{"price": 109599.91, "quantity": 0.00015, "timestamp": "2025-05-27T14:49:53.042000", "is_buyer_maker": true}
{"price": 109599.9, "quantity": 0.00912, "timestamp": "2025-05-27T14:49:53.042000", "is_buyer_maker": true}
{"price": 109599.85, "quantity": 5e-05, "timestamp": "2025-05-27T14:49:53.042000", "is_buyer_maker": true}
{"price": 109598.88, "quantity": 0.00044, "timestamp": "2025-05-27T14:49:53.042000", "is_buyer_maker": true}
{"price": 109598.76, "quantity": 5e-05, "timestamp": "2025-05-27T14:49:53.042000", "is_buyer_maker": true}
{"price": 109598.58, "quantity": 5e-05, "timestamp": "2025-05-27T14:49:53.042000", "is_buyer_maker": true}
{"price": 109596.0, "quantity": 0.002, "timestamp": "2025-05-27T14:49:53.042000", "is_buyer_maker": true}
{"price": 109595.46, "quantity": 0.00456, "timestamp": "2025-05-27T14:49:53.042000", "is_buyer_maker": true}
{"price": 109594.52, "quantity": 6e-05, "timestamp": "2025-05-27T14:49:53.042000", "is_buyer_maker": true}
{"price": 109594.39, "quantity": 0.00022, "timestamp": "2025-05-27T14:49:53.042000", "is_buyer_maker": true}
{"price": 109594.39, "quantity": 0.30355, "timestamp": "2025-05-27T14:49:53.288000", "is_buyer_maker": false}
{"price": 109594.38, "quantity": 0.02163, "timestamp": "2025-05-27T14:49:53.384000", "is_buyer_maker": true}
{"price": 109594.38, "quantity": 0.29979, "timestamp": "2025-05-27T14:49:53.384000", "is_buyer_maker": true}
{"price": 109594.37, "quantity": 0.00045, "timestamp": "2025-05-27T14:49:53.384000", "is_buyer_maker": true}
{"price": 109593.81, "quantity": 0.0005, "timestamp": "2025-05-27T14:49:53.384000", "is_buyer_maker": true}
{"price": 109593.48, "quantity": 0.00712, "timestamp": "2025-05-27T14:49:53.420000", "is_buyer_maker": true}
{"price": 109593.47, "quantity": 0.00045, "timestamp": "2025-05-27T14:49:53.420000", "is_buyer_maker": true}
{"price": 109593.33, "quantity": 5e-05, "timestamp": "2025-05-27T14:49:53.420000", "is_buyer_maker": true}
{"price": 109593.33, "quantity": 0.14566, "timestamp": "2025-05-27T14:49:53.510000", "is_buyer_maker": false}
{"price": 109593.32, "quantity": 0.0002, "timestamp": "2025-05-27T14:49:53.608000", "is_buyer_maker": true}
{"price": 109593.32, "quantity": 0.00139, "timestamp": "2025-05-27T14:49:53.860000", "is_buyer_maker": true}
{"price": 109593.32, "quantity": 0.00609, "timestamp": "2025-05-27T14:49:54.029000", "is_buyer_maker": true}
{"price": 109593.33, "quantity": 0.00643, "timestamp": "2025-05-27T14:49:54.363000", "is_buyer_maker": false}
{"price": 109593.32, "quantity": 0.00091, "timestamp": "2025-05-27T14:49:54.407000", "is_buyer_maker": true}
{"price": 109593.32, "quantity": 0.33274, "timestamp": "2025-05-27T14:49:54.616000", "is_buyer_maker": true}
{"price": 109593.32, "quantity": 0.02337, "timestamp": "2025-05-27T14:49:54.683000", "is_buyer_maker": true}
{"price": 109593.31, "quantity": 0.0006, "timestamp": "2025-05-27T14:49:54.683000", "is_buyer_maker": true}
{"price": 109593.3, "quantity": 5e-05, "timestamp": "2025-05-27T14:49:54.683000", "is_buyer_maker": true}
{"price": 109593.27, "quantity": 5e-05, "timestamp": "2025-05-27T14:49:54.683000", "is_buyer_maker": true}
{"price": 109593.12, "quantity": 5e-05, "timestamp": "2025-05-27T14:49:54.683000", "is_buyer_maker": true}
{"price": 109592.89, "quantity": 0.0005, "timestamp": "2025-05-27T14:49:54.683000", "is_buyer_maker": true}
{"price": 109592.57, "quantity": 0.0002, "timestamp": "2025-05-27T14:49:54.683000", "is_buyer_maker": true}
{"price": 109592.56, "quantity": 0.0141, "timestamp": "2025-05-27T14:49:54.683000", "is_buyer_maker": true}
{"price": 109592.36, "quantity": 0.00132, "timestamp": "2025-05-27T14:49:54.683000", "is_buyer_maker": true}
{"price": 109592.36, "quantity": 5e-05, "timestamp": "2025-05-27T14:49:54.683000", "is_buyer_maker": true}
{"price": 109592.2, "quantity": 0.00137, "timestamp": "2025-05-27T14:49:54.683000", "is_buyer_maker": true}
{"price": 109592.0, "quantity": 0.00795, "timestamp": "2025-05-27T14:49:54.718000", "is_buyer_maker": true}
{"price": 109591.99, "quantity": 0.0013, "timestamp": "2025-05-27T14:49:54.729000", "is_buyer_maker": true}
{"price": 109591.99, "quantity": 0.00531, "timestamp": "2025-05-27T14:49:54.741000", "is_buyer_maker": true}
{"price": 109591.99, "quantity": 0.00164, "timestamp": "2025-05-27T14:49:54.753000", "is_buyer_maker": true}
{"price": 109591.99, "quantity": 0.00683, "timestamp": "2025-05-27T14:49:55.483000", "is_buyer_maker": true}
{"price": 109591.98, "quantity": 0.00853, "timestamp": "2025-05-27T14:49:55.579000", "is_buyer_maker": true}
{"price": 109591.97, "quantity": 0.00262, "timestamp": "2025-05-27T14:49:55.676000", "is_buyer_maker": true}
{"price": 109591.96, "quantity": 0.0013, "timestamp": "2025-05-27T14:49:55.689000", "is_buyer_maker": true}
{"price": 109591.96, "quantity": 0.00583, "timestamp": "2025-05-27T14:49:55.701000", "is_buyer_maker": true}
{"price": 109591.95, "quantity": 0.00586, "timestamp": "2025-05-27T14:49:55.713000", "is_buyer_maker": true}
{"price": 109591.94, "quantity": 0.0013, "timestamp": "2025-05-27T14:49:55.725000", "is_buyer_maker": true}
{"price": 109591.94, "quantity": 0.00321, "timestamp": "2025-05-27T14:49:55.737000", "is_buyer_maker": true}
{"price": 109591.95, "quantity": 0.00031, "timestamp": "2025-05-27T14:49:55.838000", "is_buyer_maker": false}
{"price": 109591.94, "quantity": 0.00207, "timestamp": "2025-05-27T14:49:55.847000", "is_buyer_maker": true}
{"price": 109591.94, "quantity": 0.00051, "timestamp": "2025-05-27T14:49:55.969000", "is_buyer_maker": true}
{"price": 109591.94, "quantity": 0.00978, "timestamp": "2025-05-27T14:49:56.016000", "is_buyer_maker": true}
{"price": 109591.93, "quantity": 0.00174, "timestamp": "2025-05-27T14:49:56.034000", "is_buyer_maker": true}
{"price": 109591.92, "quantity": 0.00061, "timestamp": "2025-05-27T14:49:56.034000", "is_buyer_maker": true}
{"price": 109591.23, "quantity": 0.00011, "timestamp": "2025-05-27T14:49:56.034000", "is_buyer_maker": true}
{"price": 109591.12, "quantity": 0.00096, "timestamp": "2025-05-27T14:49:56.034000", "is_buyer_maker": true}
{"price": 109591.11, "quantity": 5e-05, "timestamp": "2025-05-27T14:49:56.034000", "is_buyer_maker": true}
{"price": 109590.91, "quantity": 0.00035, "timestamp": "2025-05-27T14:49:56.034000", "is_buyer_maker": true}
{"price": 109590.9, "quantity": 0.01159, "timestamp": "2025-05-27T14:49:56.034000", "is_buyer_maker": true}
{"price": 109590.9, "quantity": 0.01541, "timestamp": "2025-05-27T14:49:56.034000", "is_buyer_maker": true}
{"price": 109590.9, "quantity": 0.09129, "timestamp": "2025-05-27T14:49:56.034000", "is_buyer_maker": true}
{"price": 109590.69, "quantity": 0.00142, "timestamp": "2025-05-27T14:49:56.035000", "is_buyer_maker": true}
{"price": 109590.26, "quantity": 0.00087, "timestamp": "2025-05-27T14:49:56.035000", "is_buyer_maker": true}
{"price": 109589.79, "quantity": 0.00045, "timestamp": "2025-05-27T14:49:56.035000", "is_buyer_maker": true}
{"price": 109589.04, "quantity": 6e-05, "timestamp": "2025-05-27T14:49:56.035000", "is_buyer_maker": true}
{"price": 109588.0, "quantity": 0.002, "timestamp": "2025-05-27T14:49:56.035000", "is_buyer_maker": true}
{"price": 109586.52, "quantity": 0.00456, "timestamp": "2025-05-27T14:49:56.035000", "is_buyer_maker": true}
{"price": 109584.84, "quantity": 6e-05, "timestamp": "2025-05-27T14:49:56.035000", "is_buyer_maker": true}
{"price": 109584.64, "quantity": 0.0025, "timestamp": "2025-05-27T14:49:56.035000", "is_buyer_maker": true}
{"price": 109584.35, "quantity": 5e-05, "timestamp": "2025-05-27T14:49:56.035000", "is_buyer_maker": true}
{"price": 109584.0, "quantity": 0.002, "timestamp": "2025-05-27T14:49:56.035000", "is_buyer_maker": true}
{"price": 109582.94, "quantity": 6e-05, "timestamp": "2025-05-27T14:49:56.035000", "is_buyer_maker": true}
{"price": 109582.9, "quantity": 0.00031, "timestamp": "2025-05-27T14:49:56.035000", "is_buyer_maker": true}
{"price": 109582.89, "quantity": 0.36427, "timestamp": "2025-05-27T14:49:56.035000", "is_buyer_maker": true}
{"price": 109582.62, "quantity": 0.00912, "timestamp": "2025-05-27T14:49:56.035000", "is_buyer_maker": true}
{"price": 109582.31, "quantity": 0.00022, "timestamp": "2025-05-27T14:49:56.035000", "is_buyer_maker": true}
{"price": 109582.2, "quantity": 5e-05, "timestamp": "2025-05-27T14:49:56.035000", "is_buyer_maker": true}
{"price": 109581.76, "quantity": 0.0001, "timestamp": "2025-05-27T14:49:56.035000", "is_buyer_maker": true}
{"price": 109581.12, "quantity": 6e-05, "timestamp": "2025-05-27T14:49:56.040000", "is_buyer_maker": true}
{"price": 109581.12, "quantity": 0.00208, "timestamp": "2025-05-27T14:49:56.042000", "is_buyer_maker": true}
{"price": 109581.11, "quantity": 0.0005, "timestamp": "2025-05-27T14:49:56.042000", "is_buyer_maker": true}
{"price": 109581.04, "quantity": 0.00242, "timestamp": "2025-05-27T14:49:56.042000", "is_buyer_maker": true}
{"price": 109581.04, "quantity": 0.00214, "timestamp": "2025-05-27T14:49:56.042000", "is_buyer_maker": true}
{"price": 109580.28, "quantity": 0.00548, "timestamp": "2025-05-27T14:49:56.042000", "is_buyer_maker": true}
{"price": 109580.19, "quantity": 5e-05, "timestamp": "2025-05-27T14:49:56.042000", "is_buyer_maker": true}
{"price": 109580.01, "quantity": 0.00015, "timestamp": "2025-05-27T14:49:56.042000", "is_buyer_maker": true}
{"price": 109580.0, "quantity": 0.00218, "timestamp": "2025-05-27T14:49:56.042000", "is_buyer_maker": true}
{"price": 109580.0, "quantity": 0.01827, "timestamp": "2025-05-27T14:49:56.045000", "is_buyer_maker": true}
{"price": 109579.35, "quantity": 5e-05, "timestamp": "2025-05-27T14:49:56.053000", "is_buyer_maker": true}
{"price": 109579.34, "quantity": 5e-05, "timestamp": "2025-05-27T14:49:56.053000", "is_buyer_maker": true}
{"price": 109578.84, "quantity": 5e-05, "timestamp": "2025-05-27T14:49:56.053000", "is_buyer_maker": true}
{"price": 109578.83, "quantity": 5e-05, "timestamp": "2025-05-27T14:49:56.053000", "is_buyer_maker": true}
{"price": 109578.71, "quantity": 0.0001, "timestamp": "2025-05-27T14:49:56.053000", "is_buyer_maker": true}
{"price": 109578.7, "quantity": 5e-05, "timestamp": "2025-05-27T14:49:56.053000", "is_buyer_maker": true}
{"price": 109578.5, "quantity": 0.00015, "timestamp": "2025-05-27T14:49:56.054000", "is_buyer_maker": true}
{"price": 109578.45, "quantity": 6e-05, "timestamp": "2025-05-27T14:49:56.054000", "is_buyer_maker": true}
{"price": 109578.08, "quantity": 6e-05, "timestamp": "2025-05-27T14:49:56.054000", "is_buyer_maker": true}
{"price": 109576.85, "quantity": 0.00015, "timestamp": "2025-05-27T14:49:56.054000", "is_buyer_maker": true}
{"price": 109576.74, "quantity": 5e-05, "timestamp": "2025-05-27T14:49:56.054000", "is_buyer_maker": true}
{"price": 109576.0, "quantity": 0.00153, "timestamp": "2025-05-27T14:49:56.054000", "is_buyer_maker": true}
{"price": 109576.0, "quantity": 0.00047, "timestamp": "2025-05-27T14:49:56.054000", "is_buyer_maker": true}
{"price": 109575.56, "quantity": 0.00153, "timestamp": "2025-05-27T14:49:56.054000", "is_buyer_maker": true}
{"price": 109575.56, "quantity": 0.002, "timestamp": "2025-05-27T14:49:56.054000", "is_buyer_maker": true}
{"price": 109575.56, "quantity": 0.002, "timestamp": "2025-05-27T14:49:56.054000", "is_buyer_maker": true}
{"price": 109575.56, "quantity": 0.00153, "timestamp": "2025-05-27T14:49:56.054000", "is_buyer_maker": true}
{"price": 109575.35, "quantity": 0.0001, "timestamp": "2025-05-27T14:49:56.054000", "is_buyer_maker": true}
{"price": 109574.37, "quantity": 0.00037, "timestamp": "2025-05-27T14:49:56.054000", "is_buyer_maker": true}
{"price": 109574.37, "quantity": 0.00053, "timestamp": "2025-05-27T14:49:56.055000", "is_buyer_maker": true}
{"price": 109573.96, "quantity": 6e-05, "timestamp": "2025-05-27T14:49:56.055000", "is_buyer_maker": true}
{"price": 109572.6, "quantity": 0.00016, "timestamp": "2025-05-27T14:49:56.055000", "is_buyer_maker": true}
{"price": 109572.52, "quantity": 5e-05, "timestamp": "2025-05-27T14:49:56.055000", "is_buyer_maker": true}
{"price": 109572.0, "quantity": 0.0012, "timestamp": "2025-05-27T14:49:56.055000", "is_buyer_maker": true}
{"price": 109572.0, "quantity": 0.0008, "timestamp": "2025-05-27T14:49:56.055000", "is_buyer_maker": true}
{"price": 109571.46, "quantity": 0.00015, "timestamp": "2025-05-27T14:49:56.055000", "is_buyer_maker": true}
{"price": 109571.42, "quantity": 0.00105, "timestamp": "2025-05-27T14:49:56.055000", "is_buyer_maker": true}
{"price": 109571.42, "quantity": 0.002, "timestamp": "2025-05-27T14:49:56.056000", "is_buyer_maker": true}
{"price": 109571.42, "quantity": 0.002, "timestamp": "2025-05-27T14:49:56.056000", "is_buyer_maker": true}
{"price": 109571.42, "quantity": 0.002, "timestamp": "2025-05-27T14:49:56.057000", "is_buyer_maker": true}
{"price": 109571.42, "quantity": 0.001, "timestamp": "2025-05-27T14:49:56.058000", "is_buyer_maker": true}
{"price": 109571.42, "quantity": 0.002, "timestamp": "2025-05-27T14:49:56.059000", "is_buyer_maker": true}
{"price": 109571.42, "quantity": 0.002, "timestamp": "2025-05-27T14:49:56.059000", "is_buyer_maker": true}
{"price": 109571.42, "quantity": 0.04238, "timestamp": "2025-05-27T14:49:56.111000", "is_buyer_maker": true}
{"price": 109571.41, "quantity": 0.00055, "timestamp": "2025-05-27T14:49:56.111000", "is_buyer_maker": true}
{"price": 109571.33, "quantity": 0.0004, "timestamp": "2025-05-27T14:49:56.136000", "is_buyer_maker": true}
{"price": 109571.32, "quantity": 0.00015, "timestamp": "2025-05-27T14:49:56.136000", "is_buyer_maker": true}
{"price": 109571.28, "quantity": 5e-05, "timestamp": "2025-05-27T14:49:56.136000", "is_buyer_maker": true}
{"price": 109571.26, "quantity": 0.00305, "timestamp": "2025-05-27T14:49:56.136000", "is_buyer_maker": true}
{"price": 109571.24, "quantity": 5e-05, "timestamp": "2025-05-27T14:49:56.136000", "is_buyer_maker": true}
{"price": 109570.92, "quantity": 5e-05, "timestamp": "2025-05-27T14:49:56.136000", "is_buyer_maker": true}
{"price": 109570.8, "quantity": 0.00084, "timestamp": "2025-05-27T14:49:56.173000", "is_buyer_maker": true}
{"price": 109570.79, "quantity": 0.0002, "timestamp": "2025-05-27T14:49:56.173000", "is_buyer_maker": true}
{"price": 109570.59, "quantity": 5e-05, "timestamp": "2025-05-27T14:49:56.173000", "is_buyer_maker": true}
{"price": 109570.36, "quantity": 5e-05, "timestamp": "2025-05-27T14:49:56.173000", "is_buyer_maker": true}
{"price": 109570.26, "quantity": 5e-05, "timestamp": "2025-05-27T14:49:56.173000", "is_buyer_maker": true}
{"price": 109570.17, "quantity": 5e-05, "timestamp": "2025-05-27T14:49:56.173000", "is_buyer_maker": true}
{"price": 109569.47, "quantity": 0.00011, "timestamp": "2025-05-27T14:49:56.173000", "is_buyer_maker": true}
{"price": 109569.13, "quantity": 0.00049, "timestamp": "2025-05-27T14:49:56.173000", "is_buyer_maker": true}
{"price": 109568.57, "quantity": 5e-05, "timestamp": "2025-05-27T14:49:56.173000", "is_buyer_maker": true}
{"price": 109568.0, "quantity": 0.002, "timestamp": "2025-05-27T14:49:56.173000", "is_buyer_maker": true}
{"price": 109567.82, "quantity": 0.0001, "timestamp": "2025-05-27T14:49:56.173000", "is_buyer_maker": true}
{"price": 109567.13, "quantity": 0.00024, "timestamp": "2025-05-27T14:49:56.173000", "is_buyer_maker": true}
{"price": 109567.12, "quantity": 0.04392, "timestamp": "2025-05-27T14:49:56.173000", "is_buyer_maker": true}
{"price": 109567.12, "quantity": 0.00182, "timestamp": "2025-05-27T14:49:56.174000", "is_buyer_maker": true}
{"price": 109565.82, "quantity": 0.00085, "timestamp": "2025-05-27T14:49:56.195000", "is_buyer_maker": true}
{"price": 109565.81, "quantity": 0.00055, "timestamp": "2025-05-27T14:49:56.195000", "is_buyer_maker": true}
{"price": 109565.22, "quantity": 0.0005, "timestamp": "2025-05-27T14:49:56.195000", "is_buyer_maker": true}
{"price": 109565.21, "quantity": 0.09696, "timestamp": "2025-05-27T14:49:56.195000", "is_buyer_maker": true}
{"price": 109565.21, "quantity": 0.0007, "timestamp": "2025-05-27T14:49:56.195000", "is_buyer_maker": true}
{"price": 109564.98, "quantity": 0.00011, "timestamp": "2025-05-27T14:49:56.195000", "is_buyer_maker": true}
{"price": 109564.63, "quantity": 5e-05, "timestamp": "2025-05-27T14:49:56.195000", "is_buyer_maker": true}
{"price": 109564.0, "quantity": 0.00395, "timestamp": "2025-05-27T14:49:56.244000", "is_buyer_maker": true}
{"price": 109563.99, "quantity": 0.00035, "timestamp": "2025-05-27T14:49:56.244000", "is_buyer_maker": true}
{"price": 109563.56, "quantity": 5e-05, "timestamp": "2025-05-27T14:49:56.244000", "is_buyer_maker": true}
{"price": 109562.35, "quantity": 0.00015, "timestamp": "2025-05-27T14:49:56.244000", "is_buyer_maker": true}
{"price": 109561.64, "quantity": 6e-05, "timestamp": "2025-05-27T14:49:56.244000", "is_buyer_maker": true}
{"price": 109561.62, "quantity": 5e-05, "timestamp": "2025-05-27T14:49:56.244000", "is_buyer_maker": true}
{"price": 109560.69, "quantity": 0.0001, "timestamp": "2025-05-27T14:49:56.244000", "is_buyer_maker": true}
{"price": 109560.49, "quantity": 0.00011, "timestamp": "2025-05-27T14:49:56.244000", "is_buyer_maker": true}
{"price": 109560.46, "quantity": 0.0025, "timestamp": "2025-05-27T14:49:56.244000", "is_buyer_maker": true}
{"price": 109560.44, "quantity": 9e-05, "timestamp": "2025-05-27T14:49:56.244000", "is_buyer_maker": true}
{"price": 109560.36, "quantity": 5e-05, "timestamp": "2025-05-27T14:49:56.244000", "is_buyer_maker": true}
{"price": 109560.01, "quantity": 0.00029, "timestamp": "2025-05-27T14:49:56.244000", "is_buyer_maker": true}
{"price": 109560.0, "quantity": 0.021, "timestamp": "2025-05-27T14:49:56.244000", "is_buyer_maker": true}
{"price": 109559.43, "quantity": 5e-05, "timestamp": "2025-05-27T14:49:56.244000", "is_buyer_maker": true}
{"price": 109559.42, "quantity": 0.00438, "timestamp": "2025-05-27T14:49:56.244000", "is_buyer_maker": true}
{"price": 109557.82, "quantity": 0.0001, "timestamp": "2025-05-27T14:49:56.244000", "is_buyer_maker": true}
{"price": 109557.68, "quantity": 6e-05, "timestamp": "2025-05-27T14:49:56.244000", "is_buyer_maker": true}
{"price": 109557.09, "quantity": 0.003, "timestamp": "2025-05-27T14:49:56.244000", "is_buyer_maker": true}
{"price": 109556.74, "quantity": 5e-05, "timestamp": "2025-05-27T14:49:56.244000", "is_buyer_maker": true}
{"price": 109556.16, "quantity": 0.00016, "timestamp": "2025-05-27T14:49:56.244000", "is_buyer_maker": true}
{"price": 109556.0, "quantity": 0.00206, "timestamp": "2025-05-27T14:49:56.244000", "is_buyer_maker": true}
{"price": 109555.37, "quantity": 0.00015, "timestamp": "2025-05-27T14:49:56.244000", "is_buyer_maker": true}
{"price": 109555.36, "quantity": 0.00378, "timestamp": "2025-05-27T14:49:56.807000", "is_buyer_maker": true}
{"price": 109555.37, "quantity": 0.01, "timestamp": "2025-05-27T14:49:57.305000", "is_buyer_maker": false}
{"price": 109555.37, "quantity": 0.00034, "timestamp": "2025-05-27T14:49:57.546000", "is_buyer_maker": false}
{"price": 109555.37, "quantity": 0.24668, "timestamp": "2025-05-27T14:49:57.859000", "is_buyer_maker": false}
{"price": 109555.37, "quantity": 0.146, "timestamp": "2025-05-27T14:49:57.860000", "is_buyer_maker": false}
{"price": 109555.37, "quantity": 0.0028, "timestamp": "2025-05-27T14:49:57.862000", "is_buyer_maker": false}
{"price": 109555.37, "quantity": 0.0125, "timestamp": "2025-05-27T14:49:57.862000", "is_buyer_maker": false}
{"price": 109555.37, "quantity": 0.10434, "timestamp": "2025-05-27T14:49:57.863000", "is_buyer_maker": false}
{"price": 109555.38, "quantity": 0.0619, "timestamp": "2025-05-27T14:49:57.863000", "is_buyer_maker": false}
{"price": 109555.43, "quantity": 5e-05, "timestamp": "2025-05-27T14:49:57.863000", "is_buyer_maker": false}
{"price": 109555.94, "quantity": 5e-05, "timestamp": "2025-05-27T14:49:57.865000", "is_buyer_maker": false}
{"price": 109556.0, "quantity": 5e-05, "timestamp": "2025-05-27T14:49:57.865000", "is_buyer_maker": false}
{"price": 109556.15, "quantity": 5e-05, "timestamp": "2025-05-27T14:49:57.865000", "is_buyer_maker": false}
{"price": 109557.17, "quantity": 0.0005, "timestamp": "2025-05-27T14:49:57.866000", "is_buyer_maker": false}
{"price": 109557.24, "quantity": 5e-05, "timestamp": "2025-05-27T14:49:57.866000", "is_buyer_maker": false}
{"price": 109557.29, "quantity": 0.00091, "timestamp": "2025-05-27T14:49:57.866000", "is_buyer_maker": false}
{"price": 109557.47, "quantity": 0.00137, "timestamp": "2025-05-27T14:49:57.866000", "is_buyer_maker": false}
{"price": 109557.57, "quantity": 0.00045, "timestamp": "2025-05-27T14:49:57.866000", "is_buyer_maker": false}
{"price": 109558.33, "quantity": 0.0001, "timestamp": "2025-05-27T14:49:57.871000", "is_buyer_maker": false}
{"price": 109558.33, "quantity": 0.0004, "timestamp": "2025-05-27T14:49:57.873000", "is_buyer_maker": false}
{"price": 109560.0, "quantity": 0.0001, "timestamp": "2025-05-27T14:49:57.873000", "is_buyer_maker": false}
{"price": 109560.85, "quantity": 0.0014, "timestamp": "2025-05-27T14:49:57.876000", "is_buyer_maker": false}
{"price": 109561.8, "quantity": 0.00015, "timestamp": "2025-05-27T14:49:57.876000", "is_buyer_maker": false}
{"price": 109561.81, "quantity": 0.0001, "timestamp": "2025-05-27T14:49:57.876000", "is_buyer_maker": false}
{"price": 109564.98, "quantity": 0.11227, "timestamp": "2025-05-27T14:49:57.896000", "is_buyer_maker": false}
{"price": 109565.04, "quantity": 5e-05, "timestamp": "2025-05-27T14:49:57.896000", "is_buyer_maker": false}
{"price": 109565.37, "quantity": 0.00015, "timestamp": "2025-05-27T14:49:57.896000", "is_buyer_maker": false}
{"price": 109565.59, "quantity": 0.00023, "timestamp": "2025-05-27T14:49:57.896000", "is_buyer_maker": false}
{"price": 109565.59, "quantity": 0.00019, "timestamp": "2025-05-27T14:49:58.243000", "is_buyer_maker": true}
{"price": 109565.59, "quantity": 0.00014, "timestamp": "2025-05-27T14:49:58.299000", "is_buyer_maker": true}
{"price": 109565.6, "quantity": 0.00047, "timestamp": "2025-05-27T14:49:58.816000", "is_buyer_maker": false}
{"price": 109565.59, "quantity": 0.01648, "timestamp": "2025-05-27T14:49:58.965000", "is_buyer_maker": true}
{"price": 109565.6, "quantity": 0.00053, "timestamp": "2025-05-27T14:49:59.085000", "is_buyer_maker": false}
{"price": 109565.59, "quantity": 0.00014, "timestamp": "2025-05-27T14:49:59.154000", "is_buyer_maker": true}
{"price": 109565.59, "quantity": 0.00039, "timestamp": "2025-05-27T14:49:59.218000", "is_buyer_maker": true}
{"price": 109565.6, "quantity": 0.00043, "timestamp": "2025-05-27T14:49:59.673000", "is_buyer_maker": false}
{"price": 109565.6, "quantity": 0.0019, "timestamp": "2025-05-27T14:49:59.696000", "is_buyer_maker": false}
{"price": 109565.59, "quantity": 0.00018, "timestamp": "2025-05-27T14:50:00.182000", "is_buyer_maker": true}
{"price": 109565.6, "quantity": 0.00014, "timestamp": "2025-05-27T14:50:00.200000", "is_buyer_maker": false}
{"price": 109565.59, "quantity": 8e-05, "timestamp": "2025-05-27T14:50:00.281000", "is_buyer_maker": true}
{"price": 109565.6, "quantity": 0.0198, "timestamp": "2025-05-27T14:50:00.633000", "is_buyer_maker": false}
{"price": 109565.6, "quantity": 1.36869, "timestamp": "2025-05-27T14:50:00.683000", "is_buyer_maker": false}
{"price": 109565.6, "quantity": 0.00046, "timestamp": "2025-05-27T14:50:00.939000", "is_buyer_maker": false}
{"price": 109565.59, "quantity": 0.03799, "timestamp": "2025-05-27T14:50:01.005000", "is_buyer_maker": true}
{"price": 109565.6, "quantity": 0.01969, "timestamp": "2025-05-27T14:50:01.060000", "is_buyer_maker": false}
{"price": 109565.61, "quantity": 0.00055, "timestamp": "2025-05-27T14:50:01.060000", "is_buyer_maker": false}
{"price": 109565.72, "quantity": 5e-05, "timestamp": "2025-05-27T14:50:01.060000", "is_buyer_maker": false}
{"price": 109565.77, "quantity": 5e-05, "timestamp": "2025-05-27T14:50:01.060000", "is_buyer_maker": false}
{"price": 109565.98, "quantity": 5e-05, "timestamp": "2025-05-27T14:50:01.060000", "is_buyer_maker": false}
{"price": 109566.24, "quantity": 5e-05, "timestamp": "2025-05-27T14:50:01.060000", "is_buyer_maker": false}
{"price": 109566.25, "quantity": 5e-05, "timestamp": "2025-05-27T14:50:01.060000", "is_buyer_maker": false}
{"price": 109566.39, "quantity": 5e-05, "timestamp": "2025-05-27T14:50:01.060000", "is_buyer_maker": false}
{"price": 109566.47, "quantity": 6e-05, "timestamp": "2025-05-27T14:50:01.060000", "is_buyer_maker": false}
{"price": 109566.6, "quantity": 0.005, "timestamp": "2025-05-27T14:50:01.060000", "is_buyer_maker": false}
